2790 4800
144 263 187 328 28
607 281 635 325 r.
661 280 785 326 uuurrr

147 424 223 489 Nec
243 421 404 505 superfuit
425 422 483 491 diu
497 421 520 486 J
524 421 637 498 oanni,
663 421 874 505 Symmacho,
902 422 1060 499 Bo‘e'thio,
1087 420 1239 486 Theodo-

145 527 255 602 ricus3
278 525 356 608 ipso
371 525 461 590 euim
474 523 535 588 illo
552 542 641 587 anno
657 528 805 588 mortuus
821 529 884 587 est.

191 625 274 690 Post
288 625 420 688 obitum
435 625 509 707 ejus
523 621 770 701 Amalisueuta,
785 626 986 691 Theudorici
1000 626 1081 704 filia,
1101 624 1240 691 Athela·

143 727 207 793 rici
224 734 338 804 mater,
351 726 456 791 vidua
470 725 651 804 Euthenai,
667 746 782 792 omnes
798 726 933 791 Bohthii
949 733 1080 792 statuas
1096 733 1240 811 prosus·

145 835 199 895 tas
213 827 336 894 Romae
350 829 469 905 erexit,
484 837 518 892 et
531 828 720 894 haeredibus
734 828 967 911 patrimonium
981 827 1149 892 incolume
1164 827 1242 893 red·

147 929 243 996 didit
286 930 525 995 Theodobatus
537 950 672 1014 quoque
688 928 776 1010 Rex,
791 949 888 1012 quem
903 928 1138 994 Amalisuenta
1146 947 1242 995 soror

144 1033 191 1098 ad
205 1051 340 1115 regnum
355 1041 581 1116 promoverat,
599 1031 790 1096 Maximum
804 1031 972 1116 quendam
987 1049 1031 1094 ex
1043 1036 1142 1108 geute
1158 1029 1244 1095 Aui-

148 1135 204 1200 cia
219 1134 261 1199 ad
273 1134 516 1217 primiceriatus
529 1135 717 1217 provehens
733 1134 939 1218 dignitatem,
958 1133 1080 1197 ascivit
1093 1133 1127 1195 in
1141 1132 1243 1214 regiae

143 1235 266 1318 vstirpis
281 1235 467 1318 conjugem,
484 1243 521 1299 ut
543 1244 596 1300 est
618 1234 709 1318 apud
733 1235 976 1300 Cassiodorum
1001 1232 1109 1297 lihv.
1131 1231 1243 1315 Epist.

149 1352 205 1402 Xl.

192 1438 349 1522 Denique
365 1440 612 1523 quadringentis
636 1440 846 1523 septuaginta
869 1445 950 1523 post
971 1437 1080 1515 annis,
1096 1436 1161 1502 hoc
1181 1442 1244 1514 est,

147 1559 235 1604 anno
261 1540 384 1606 Christi
408 1557 565 1605 cuxcvr.
597 1539 688 1605 Otho
705 1557 759 1603 ιιι.
782 1539 967 1622 Augustus,
991 1559 1071 1604 ossa
1093 1537 1243 1615 Boethii,

148 1642 305 1725 sepulcro
334 1644 368 1708 in
400 1664 468 1729 quo
498 1664 575 1708 eum
600 1645 635 1708 iu
660 1643 750 1708 diem
772 1664 879 1726 usque
910 1642 1026 1707 abdita
1052 1643 1244 1726 jacuerant,

148 1744 285 1822 educta,
302 1746 442 1825 elevari,
458 1751 492 1812 et
513 1746 548 1810 in
571 1749 686 1811 tumba
708 1766 893 1811 marmorea
916 1745 1056 1809 exaltari
1070 1744 1159 1807 fecit.
1204 1743 1246 1809 In

149 1845 247 1927 cujus
263 1847 308 1908 rei
322 1850 516 1911 memoriam
527 1848 721 1925 Gerbcrtus‚
735 1849 766 1913 is
782 1850 841 1931 qui
856 1847 1038 1913 Rhomensi
1052 1844 1247 1928 Archiepis-

148 1951 274 2026 copatu
289 1946 446 2011 abdicato
462 1949 653 2031 Episcopus
669 1950 859 2026 Ravennae,
873 1969 913 2013 ac
928 1949 1059 2014 tandem
1082 1945 1246 2011 Pontifex

150 2043 323 2109 Maximus
339 2052 486 2110 assumto
501 2050 637 2111 nomine
652 2050 806 2114 Silvestri
820 2067 859 2112 ιι.
874 2051 985 2114 factus
1003 2054 1069 2126 est,
1092 2049 1157 2113 hoc
1172 2066 1246 2112 car-

148 2163 224 2208 men
239 2163 280 2210 eo
295 2151 447 2229 tempore
463 2146 629 2213 condidit:

235 2295 347 2361 Roma
361 2303 494 2382 potens,
510 2300 588 2364 dum
600 2300 678 2386 jura
693 2321 755 2367 suo
770 2302 920 2369 declarat
936 2302 972 2366 in
984 2303 1074 2379 orbe,

233 2397 288 2461 Tu
302 2405 398 2480 pater
412 2405 446 2464 et
458 2401 577 2482 patriae
592 2402 714 2482 lumen,
728 2404 885 2470 Severine
897 2404 1032 2482 Boethi,

236 2498 396 2565 Consulis
411 2501 523 2565 officio
539 2522 647 2567 rerum
664 2506 817 2588 disponis
831 2508 991 2585 habenas,

240 2601 393 2666 Infundis
408 2604 523 2667 lumen
539 2605 672 2683 studiis,
688 2611 723 2668 ot
735 2607 852 2671 cedere
867 2609 980 2671 nescis

238 2699 431 2770 Graecorum
445 2707 606 2788 ingeniis:
630 2706 691 2770 sed
706 2727 801 2771 mens
814 2707 930 2771 divina
945 2705 1080 2770 coercet

237 2803 420 2886 Imperium
434 2807 561 2872 mundi.
598 2806 724 2874 Gladio
735 2808 924 2873 bacchante
935 2804 1120 2873 Gothorum

168 2922 172 2927 ·
239 2905 395 2972 Libertas
410 2907 567 2975 Romana
580 2911 675 2994 perit.
708 2911 762 2975 Tu
778 2911 904 2976 Consul
919 2918 954 2978 et
967 2911 1048 2975 exul

222 3007 388 3090 insignes
404 3012 520 3077 titulos
533 3016 695 3097 praeclara
710 3021 813 3080 morte
829 3015 998 3101 relinquis.

238 3109 337 3175 Nunc
352 3110 457 3176 decus
469 3114 617 3198 Imperii,
633 3136 780 3181 summas
792 3119 848 3201 qui
861 3121 1048 3199 praegravat
1062 3121 1164 3194 artes,

237 3213 370 3279 Tertius
386 3213 477 3278 Otho
494 3234 555 3281 sua
571 3217 706 3299 dignum
722 3224 756 3281 te
767 3217 903 3302 judicat
916 3218 1005 3292 aula,

237 3315 479 3401 AEternumque
489 3319 537 3382 tui
553 3320 667 3384 statuit
680 3324 891 3383 monumenta
901 3318 1039 3397 laboris,

237 3416 280 3480 Et
294 3421 376 3483 bene
391 3421 605 3504 promeritum
619 3420 745 3484 meritis
755 3427 895 3486 exornat
908 3421 1068 3487 honestis.

153 3565 309 3649 Exposui
324 3571 476 3647 breviter,
492 3572 716 3638 Nobilissime
732 3573 755 3639 J
757 3575 888 3653 uvenis,
905 3592 945 3638 ea
959 3592 1036 3656 quae
1052 3571 1096 3634 de
1113 3572 1183 3636 vita
1199 3572 1253 3639 Fl.

152 3665 267 3732 Anicii
295 3668 415 3733 Manlii
440 3671 605 3755 Torquati
636 3674 787 3740 Severini
823 3675 962 3739 Boethii
995 3673 1105 3736 dicere
1138 3672 1277 3739 habui.-

152 3772 317 3854 Superest
338 3777 377 3833 ut
392 3769 512 3835 dehoc
528 3791 635 3863 opere
650 3794 761 3859 pauca
777 3774 966 3858 subjiciam.
1009 3773 1095 3838 Sunt
1117 3772 1252 3856 quidem

153 3890 270 3940 omnes
284 3869 424 3936 Boethii
441 3872 517 3937 libri
533 3895 652 3957 graves
666 3888 701 3943 et
714 3877 845 3956 eruditi,
866 3877 927 3941 sed
942 3877 979 3940 in
993 3875 1047 3940 his
1061 3874 1103 3941 de
1118 3875 1253 3943 Conso·

152 3975 280 4042 latione
289 3973 531 4060 Philosophiae,
542 3980 659 4045 nescio
674 3978 841 4065 quomodo
849 3985 962 4044 noster
972 3982 1092 4045 auctor
1101 3981 1251 4064 seipsum

154 4079 280 4143 vicerit.
336 4072 390 4142 Ac
415 4081 499 4159 puto
525 4077 759 4165 hominesque
782 4086 859 4148 sunt
880 4082 977 4147 morti
998 4080 1188 4160 viciniores,
1210 4101 1251 4145 eo
