2790 4800
484 291 516 337 r.
540 290 664 339 nnnrn
690 289 896 340 inmaturo.
1220 279 1242 340 5

146 434 251 498 nostri
276 433 434 498 solertia:
456 439 565 500 tamen
575 435 700 518 ubique
712 435 818 499 adhuc
834 435 973 516 effulget
990 454 1144 518 magnum
1158 435 1240 503 illud

149 543 185 598 et
199 536 288 600 coelo
304 534 399 600 affine
412 536 584 619 ingenium.
630 537 730 601 Certe
744 539 831 602 inter
842 538 1039 620 posterioris
1055 539 1121 604 aevi
1134 540 1241 622 scrip-

152 647 245 698 tores
261 636 401 700 Graecos
416 638 538 719 pariter
552 656 593 701 ac
608 638 759 714 Latinos,
773 656 872 702 nemo
887 639 949 702 fuit
969 641 1002 702 in
1021 641 1110 704 omni
1124 660 1242 722 genere

149 739 324 820 sapientiae
339 739 479 804 Boethio
494 745 609 804 nostro
623 760 696 821 par.
734 739 928 822 Philippum
946 739 1125 804 Pulchrum
1140 741 1242 806 Frau-

152 859 265 902 corum
279 839 405 921 Regem
428 845 561 905 constat
575 840 661 903 tanti
674 839 737 902 hos
751 841 854 902 libros
868 841 1004 916 fecisse,
1027 847 1067 903 ut
1089 846 1242 922 quamvis

147 940 222 1021 ipse
233 941 352 1005 latine
367 941 578 1023 intelligeret,
593 947 707 1001 tamen
718 958 778 1021 pro
796 939 966 1001 beneficio
987 940 1137 1005 hahuerit
1150 945 1242 1024 quod

148 1042 214 1124 ipsi
232 1041 385 1106 loannes
407 1039 664 1121 linguonensis,
684 1037 784 1119 poeta
808 1036 864 1122 (ut
889 1043 967 1101 tunc
990 1039 1139 1104 serebant
1161 1052 1243 1106 tem-

147 1142 249 1226 pora)
275 1142 442 1218 erudituS,
462 1160 520 1204 eos
547 1139 680 1205 Gallice
707 1159 729 1202 a
752 1159 789 1203 se
814 1139 973 1218 redditos,
995 1142 1243 1226 inscripsisset:

149 1248 409 1324 asservaturque
421 1241 493 1325 ejus
509 1243 621 1325 operis
633 1243 805 1324 exemplar
819 1242 927 1306 adhuc
942 1242 1039 1307 hodie
1050 1244 1193 1311 Lutetiae
1210 1249 1245 1310 in

150 1342 367 1406 Bibliotheca
394 1340 724 1426 Augustinianorum.
777 1344 901 1408 Merito
927 1353 1036 1410 autern
1069 1353 1244 1412 auctorem

149 1444 249 1507 istum
267 1445 349 1508 tanti
363 1444 443 1509 secit
465 1467 606 1530 magnus
622 1446 710 1511 Rex.
755 1446 851 1511 Nihil
865 1447 992 1531 quippe
1007 1451 1041 1512 in
1056 1470 1098 1515 ec
1113 1456 1245 1514 nonest

150 1546 320 1615 eximium.
377 1545 585 1629 Religionem
611 1549 825 1631 spectamus?
880 1546 1084 1613 Christianus
1116 1557 1178 1626 est,
1210 1556 1246 1612 et

149 1647 294 1726 quidem,
309 1648 393 1712 inter
406 1646 628 1725 Christianos,
651 1648 732 1710 fidei
748 1647 960 1711 Orthodoxae
984 1654 1131 1711 sectator
1146 1656 1246 1728 atque

149 1756 304 1814 assertor.
349 1749 528 1814 Patriaml
563 1749 756 1812 Romanus.
800 1749 1029 1828 Dignitateml
1064 1748 1248 1825 Patricius,

148 1849 328 1913 Exconsul
343 1848 553 1926 Ordinarius,
568 1847 781 1927 Exmagister
796 1846 1001 1913 Officiumm.
1046 1849 1247 1914 Familiam?

151 1948 308 2025 Anicius,
324 1948 486 2026 Manlius,
500 1949 707 2031 Torquatus,
721 1949 906 2026 Severinus,
918 1949 1088 2016 Boethius.
1133 1951 1246 2016 Studi-

152 2057 260 2115 umet
281 2051 361 2116 vitae
377 2052 505 2132 genusl
551 2050 697 2133 Logicus
713 2052 943 2128 acutissimus,
963 2052 1158 2135 Theologus
1173 2073 1246 2135 gra-

151 2155 322 2231 vissimus,
347 2151 609 2218 Mathematicus
626 2154 874 2228 solertissimus,
898 2153 1119 2218 Machanicus
1146 2154 1247 2218 artifi-

151 2257 370 2334 ciosissimus,
389 2255 542 2319 Musicus
559 2256 804 2319 suavissimus:
821 2254 938 2317 adhaec
956 2254 1077 2318 Orator
1090 2263 1127 2317 et
1139 2255 1249 2319 Poeta
1312 2276 1316 2281 ’

153 2358 314 2438 optimus.
360 2355 528 2418 Dictionis
542 2354 704 2417 moduml
741 2353 894 2432 Utroque
908 2353 942 2412 in
958 2365 1086 2431 genere,
1099 2352 1177 2414 lusu
1190 2371 1254 2439 pa·x

152 2458 286 2520 niteret
309 2454 455 2517 numeris
479 2453 629 2527 astricto,
653 2451 825 2532 egregius3
848 2449 907 2513 sed
930 2450 965 2512 in
987 2449 1051 2514 huc
1077 2452 1249 2535 praecipue

154 2557 334 2621 excellens.
378 2551 619 2637 Argumentum
635 2553 854 2636 scriptionis?
900 2552 941 2615 ld
956 2571 1037 2615 vero
1053 2557 1106 2616 est
1122 2552 1252 2619 Conso·

150 2660 230 2724 latio
250 2661 284 2722 in
306 2659 406 2721 rebus
426 2656 593 2735 adversis,
611 2655 702 2738 quod
716 2655 774 2717 ille
791 2659 1016 2734 argumentum
1037 2658 1193 2720 tractavit
1214 2658 1250 2721 in

152 2781 284 2826 carcere
297 2760 482 2835 Ticinensi,
497 2778 573 2822 cum
584 2759 687 2841 jussu
710 2754 914 2818 Theudorici
929 2752 1128 2836 Ostrogothi,
1144 2756 1251 2840 Regis

154 2863 275 2937 Italiae,
291 2862 447 2943 captivus
462 2860 532 2922 illic
548 2859 762 2933 detineretur,
777 2856 836 2919 uhi
859 2856 959 2918 etiam
984 2863 1100 2938 postea
1118 2864 1250 2922 resecto

155 2964 267 3044 capite
283 2962 384 3024 vitam
401 2959 485 3021 finiit
498 2979 507 3036 3
531 2964 675 3039 suntque
692 2957 768 3019 huic
789 2955 977 3018 tractationi
991 2956 1097 3020 multa
1111 2957 1178 3022 alia
1193 2979 1249 3023 ca-

154 3063 230 3145 pita
249 3079 393 3135 annexa,
410 3058 452 3121 de
471 3057 608 3121 Summo
623 3057 733 3133 Bono,
759 3056 801 3119 de
827 3055 930 3133 Malo,
955 3057 996 3119 de
1013 3057 1112 3131 Fato,
1133 3058 1252 3121 Provi-

156 3163 278 3239 dentia,
306 3160 497 3226 Concordia
515 3159 614 3223 liberi
637 3159 764 3223 arbitrii
789 3177 866 3223 curn
892 3157 1110 3240 praescientia
1129 3155 1252 3234 divina,

157 3265 303 3345 aliaque.
347 3262 481 3326 Usuml
502 3262 605 3327 Solus
619 3262 673 3325 hic
690 3266 806 3325 auctor
821 3259 971 3324 sufficere
987 3261 1102 3338 potest
1116 3274 1250 3342 compo-

156 3365 276 3428 nendis
290 3365 519 3430 controversiis
530 3365 687 3428 omnibus
703 3364 823 3446 quibus
837 3362 901 3422 hoc
916 3367 1066 3437 tempore
1077 3355 1251 3423 multorum

156 3466 289 3548 ingenia
304 3465 481 3546 agitantur.

167 3620 176 3649 ,
199 3568 267 3632 Sed
283 3568 481 3653 priusquam
494 3564 606 3648 ipsum
622 3563 783 3645 inspicias
795 3561 905 3643 operis
917 3565 1120 3639 contextum,
1137 3562 1251 3628 viden-

156 3679 213 3735 tur
227 3670 308 3735 mihi
324 3666 558 3751 praemittenda
569 3663 724 3748 quaedam
740 3683 816 3747 quae
832 3663 909 3726 huic
923 3667 1046 3740 nostrae
1061 3665 1253 3728 tractationi

157 3774 266 3836 lucem
281 3771 430 3852 aliquam
454 3776 596 3851 possunt
620 3764 801 3829 effundere.
847 3766 1021 3848 Principio
1045 3764 1146 3845 igitur
1168 3765 1253 3826 illud

160 3874 319 3952 occurrit3
346 3872 460 3954 plures
484 3870 563 3932 olim
590 3866 695 3930 fuisse
722 3867 902 3931 Bo'ethios:
939 3885 1017 3929 nam
1043 3870 1077 3927 et
1103 3864 1255 3925 Stoicum

161 3973 324 4052 quendam
333 3973 483 4038 nominat
497 3968 653 4034 Laertius
665 3970 700 4031 in
714 3968 795 4030 Vita
811 3968 977 4044 Zenonis3
1001 3971 1036 4026 et
1053 3961 1254 4042 Epicureum

161 4069 358 4135 Plutarchus
377 4074 569 4153 loquentem
584 4069 666 4134 sacit
689 4069 723 4130 in
747 4067 990 4150 Symposiacis,
1013 4068 1046 4122 et
1064 4059 1252 4125 Cretensem
