<?xml version="1.0" encoding="UTF-8"?>
<!DOCTYPE html PUBLIC "-//W3C//DTD XHTML 1.0 Transitional//EN"
    "http://www.w3.org/TR/xhtml1/DTD/xhtml1-transitional.dtd">
<html xmlns="http://www.w3.org/1999/xhtml" xml:lang="en" lang="en">
 <head>
  <title>
</title>
<meta http-equiv="Content-Type" content="text/html;charset=utf-8" />
  <meta name='ocr-system' content='tesseract 3.04.00' />
  <meta name='ocr-capabilities' content='ocr_page ocr_carea ocr_par ocr_line ocrx_word'/>
</head>
<body>
  <div class='ocr_page' id='page_1' title='image "aniciimanliitor02boetgoog_0098.png"; bbox 0 0 2790 4800; ppageno 0'>
   <div class='ocr_carea' id='block_1_1' title="bbox 194 254 946 319">
    <p class='ocr_par' dir='ltr' id='par_1_1' title="bbox 194 254 946 319">
     <span class='ocr_line' id='line_1_1' title="bbox 194 254 946 319; baseline -0.003 -7"><span class='ocrx_word' id='word_1_1' title='bbox 194 254 238 319; x_wconf 78' lang='lat'><strong>88</strong></span> <span class='ocrx_word' id='word_1_2' title='bbox 541 263 692 312; x_wconf 83' lang='lat' dir='ltr'><strong>uosruu</strong></span> <span class='ocrx_word' id='word_1_3' title='bbox 719 263 767 313; x_wconf 82' lang='lat' dir='ltr'><strong>uu</strong></span> <span class='ocrx_word' id='word_1_4' title='bbox 791 264 946 312; x_wconf 71' lang='lat' dir='ltr'><strong>corson.</strong></span> 
     </span>
    </p>
   </div>
   <div class='ocr_carea' id='block_1_2' title="bbox 196 407 1294 1304">
    <p class='ocr_par' dir='ltr' id='par_1_2' title="bbox 196 407 1294 1304">
     <span class='ocr_line' id='line_1_2' title="bbox 196 407 1284 492; baseline -0.005 -12"><span class='ocrx_word' id='word_1_5' title='bbox 196 423 319 482; x_wconf 79' lang='lat' dir='ltr'><strong>tatemv</strong></span> <span class='ocrx_word' id='word_1_6' title='bbox 355 432 431 476; x_wconf 92' lang='lat' dir='ltr'><strong>cum</strong></span> <span class='ocrx_word' id='word_1_7' title='bbox 465 411 623 492; x_wconf 81' lang='lat' dir='ltr'><strong>deinceps</strong></span> <span class='ocrx_word' id='word_1_8' title='bbox 659 407 857 490; x_wconf 87' lang='lat' dir='ltr'><strong>Epicureum</strong></span> <span class='ocrx_word' id='word_1_9' title='bbox 891 410 1019 490; x_wconf 85' lang='lat' dir='ltr'><strong>vulgus,</strong></span> <span class='ocrx_word' id='word_1_10' title='bbox 1054 428 1094 472; x_wconf 90' lang='lat' dir='ltr'><strong>ac</strong></span> <span class='ocrx_word' id='word_1_11' title='bbox 1124 411 1284 487; x_wconf 83' lang='lat' dir='ltr'><strong>Stoicum,</strong></span> 
     </span>
     <span class='ocr_line' id='line_1_3' title="bbox 198 511 1288 597; baseline -0.005 -16"><span class='ocrx_word' id='word_1_12' title='bbox 198 518 366 597; x_wconf 86' lang='lat' dir='ltr'><strong>ceterique</strong></span> <span class='ocrx_word' id='word_1_13' title='bbox 389 532 449 596; x_wconf 91' lang='lat' dir='ltr'><strong>pro</strong></span> <span class='ocrx_word' id='word_1_14' title='bbox 474 531 536 576; x_wconf 86' lang='lat' dir='ltr'><strong>sua</strong></span> <span class='ocrx_word' id='word_1_15' title='bbox 562 512 707 594; x_wconf 88' lang='lat' dir='ltr'><strong>quisque</strong></span> <span class='ocrx_word' id='word_1_16' title='bbox 734 516 829 592; x_wconf 89' lang='lat' dir='ltr'><strong>parte</strong></span> <span class='ocrx_word' id='word_1_17' title='bbox 857 517 990 594; x_wconf 86' lang='lat' dir='ltr'><strong>raptum</strong></span> <span class='ocrx_word' id='word_1_18' title='bbox 1013 511 1060 574; x_wconf 90' lang='lat' dir='ltr'><strong>ire</strong></span> <span class='ocrx_word' id='word_1_19' title='bbox 1088 512 1288 588; x_wconf 68' lang='lat' dir='ltr'><strong>molirentur,</strong></span> 
     </span>
     <span class='ocr_line' id='line_1_4' title="bbox 198 611 1290 698; baseline -0.002 -18"><span class='ocrx_word' id='word_1_20' title='bbox 198 632 317 698; x_wconf 91' lang='lat' dir='ltr'><strong>meque</strong></span> <span class='ocrx_word' id='word_1_21' title='bbox 332 616 566 678; x_wconf 80' lang='lat' dir='ltr'><strong>reclamantem</strong></span> <span class='ocrx_word' id='word_1_22' title='bbox 585 611 859 693; x_wconf 83' lang='lat' dir='ltr'><strong>renitentemque,</strong></span> <span class='ocrx_word' id='word_1_23' title='bbox 869 612 959 675; x_wconf 87' lang='lat' dir='ltr'><strong>velut</strong></span> <span class='ocrx_word' id='word_1_24' title='bbox 969 613 1004 674; x_wconf 93' lang='lat' dir='ltr'><strong>iu</strong></span> <span class='ocrx_word' id='word_1_25' title='bbox 1015 618 1144 696; x_wconf 87' lang='lat' dir='ltr'><strong>partem</strong></span> <span class='ocrx_word' id='word_1_26' title='bbox 1156 614 1290 696; x_wconf 84' lang='lat' dir='ltr'><strong>praedae,</strong></span> 
     </span>
     <span class='ocr_line' id='line_1_5' title="bbox 198 713 1292 796; baseline -0.004 -14"><span class='ocrx_word' id='word_1_27' title='bbox 198 718 403 793; x_wconf 81' lang='lat' dir='ltr'><strong>traherent,¹²</strong></span> <span class='ocrx_word' id='word_1_28' title='bbox 428 721 564 792; x_wconf 80' lang='lat' dir='ltr'><strong>vestem,</strong></span> <span class='ocrx_word' id='word_1_29' title='bbox 588 732 690 796; x_wconf 90' lang='lat' dir='ltr'><strong>quam</strong></span> <span class='ocrx_word' id='word_1_30' title='bbox 713 713 796 775; x_wconf 92' lang='lat' dir='ltr'><strong>meis</strong></span> <span class='ocrx_word' id='word_1_31' title='bbox 811 719 982 777; x_wconf 81' lang='lat' dir='ltr'><strong>texueram</strong></span> <span class='ocrx_word' id='word_1_32' title='bbox 1004 715 1171 793; x_wconf 66' lang='lat' dir='ltr'><strong>manibus</strong></span> <span class='ocrx_word' id='word_1_33' title='bbox 1194 714 1292 779; x_wconf 92' lang='lat' dir='ltr'><strong>disci·</strong></span> 
     </span>
     <span class='ocr_line' id='line_1_6' title="bbox 200 815 1292 901; baseline -0.005 -17"><span class='ocrx_word' id='word_1_34' title='bbox 200 821 330 897; x_wconf 85' lang='lat' dir='ltr'><strong>derunt,</strong></span> <span class='ocrx_word' id='word_1_35' title='bbox 344 817 562 901; x_wconf 77' lang='lat' dir='ltr'><strong>abreptisque</strong></span> <span class='ocrx_word' id='word_1_36' title='bbox 585 816 629 879; x_wconf 80' lang='lat' dir='ltr'><strong>eb</strong></span> <span class='ocrx_word' id='word_1_37' title='bbox 644 834 686 879; x_wconf 86' lang='lat' dir='ltr'><strong>ea</strong></span> <span class='ocrx_word' id='word_1_38' title='bbox 707 815 908 898; x_wconf 80' lang='lat' dir='ltr'><strong>panniculis,</strong></span> <span class='ocrx_word' id='word_1_39' title='bbox 933 820 1040 879; x_wconf 89' lang='lat' dir='ltr'><strong>totam</strong></span> <span class='ocrx_word' id='word_1_40' title='bbox 1055 828 1107 880; x_wconf 86' lang='lat' dir='ltr'><strong>me</strong></span> <span class='ocrx_word' id='word_1_41' title='bbox 1130 816 1197 879; x_wconf 90' lang='lat' dir='ltr'><strong>sibi</strong></span> <span class='ocrx_word' id='word_1_42' title='bbox 1220 835 1292 880; x_wconf 90' lang='lat' dir='ltr'><strong>ces-</strong></span> 
     </span>
     <span class='ocr_line' id='line_1_7' title="bbox 201 916 1291 1005; baseline -0.004 -21"><span class='ocrx_word' id='word_1_43' title='bbox 201 922 287 984; x_wconf 84' lang='lat' dir='ltr'><strong>sisse</strong></span> <span class='ocrx_word' id='word_1_44' title='bbox 320 919 505 996; x_wconf 80' lang='lat' dir='ltr'><strong>credenteS,</strong></span> <span class='ocrx_word' id='word_1_45' title='bbox 537 918 661 981; x_wconf 85' lang='lat' dir='ltr'><strong>abiere.</strong></span> <span class='ocrx_word' id='word_1_46' title='bbox 726 917 765 979; x_wconf 95' lang='lat' dir='ltr'><strong>Iu</strong></span> <span class='ocrx_word' id='word_1_47' title='bbox 793 917 925 999; x_wconf 66' lang='lat' dir='ltr'><strong>quibus</strong></span> <span class='ocrx_word' id='word_1_48' title='bbox 954 916 1109 1005; x_wconf 87' lang='lat' dir='ltr'><strong>quoniam</strong></span> <span class='ocrx_word' id='word_1_49' title='bbox 1135 916 1291 998; x_wconf 84' lang='lat' dir='ltr'><strong>quaedam</strong></span> 
     </span>
     <span class='ocr_line' id='line_1_8' title="bbox 202 1016 1294 1100; baseline -0.005 -15"><span class='ocrx_word' id='word_1_50' title='bbox 202 1022 311 1085; x_wconf 87' lang='lat' dir='ltr'><strong>nostri</strong></span> <span class='ocrx_word' id='word_1_51' title='bbox 330 1021 466 1085; x_wconf 88' lang='lat' dir='ltr'><strong>habitus</strong></span> <span class='ocrx_word' id='word_1_52' title='bbox 479 1019 623 1100; x_wconf 84' lang='lat' dir='ltr'><strong>vestigia</strong></span> <span class='ocrx_word' id='word_1_53' title='bbox 637 1017 845 1094; x_wconf 87' lang='lat' dir='ltr'><strong>videbantur,</strong></span> <span class='ocrx_word' id='word_1_54' title='bbox 871 1037 962 1081; x_wconf 89' lang='lat' dir='ltr'><strong>meos</strong></span> <span class='ocrx_word' id='word_1_55' title='bbox 987 1036 1061 1080; x_wconf 89' lang='lat' dir='ltr'><strong>esse</strong></span> <span class='ocrx_word' id='word_1_56' title='bbox 1084 1016 1294 1080; x_wconf 76' lang='lat' dir='ltr'><strong>familiares&#39;</strong></span> 
     </span>
     <span class='ocr_line' id='line_1_9' title="bbox 202 1117 1294 1207; baseline -0.007 -20"><span class='ocrx_word' id='word_1_57' title='bbox 202 1120 425 1207; x_wconf 86' lang='lat' dir='ltr'><strong>imprudentia</strong></span> <span class='ocrx_word' id='word_1_58' title='bbox 438 1125 522 1198; x_wconf 89' lang='lat' dir='ltr'><strong>rata,</strong></span> <span class='ocrx_word' id='word_1_59' title='bbox 540 1119 718 1184; x_wconf 89' lang='lat' dir='ltr'><strong>nonnullos</strong></span> <span class='ocrx_word' id='word_1_60' title='bbox 742 1139 855 1182; x_wconf 92' lang='lat' dir='ltr'><strong>eorum</strong></span> <span class='ocrx_word' id='word_1_61' title='bbox 881 1119 1052 1202; x_wconf 79' lang='lat' dir='ltr'><strong>profanas&#39;</strong></span> <span class='ocrx_word' id='word_1_62' title='bbox 1075 1117 1294 1181; x_wconf 89' lang='lat' dir='ltr'><strong>multitudinis</strong></span> 
     </span>
     <span class='ocr_line' id='line_1_10' title="bbox 202 1215 1293 1304; baseline -0.005 -16"><span class='ocrx_word' id='word_1_63' title='bbox 202 1236 311 1288; x_wconf 84' lang='lat' dir='ltr'><strong>errore</strong></span> <span class='ocrx_word' id='word_1_64' title='bbox 337 1215 505 1304; x_wconf 84' lang='lat' dir='ltr'><strong>pervertit.</strong></span> <span class='ocrx_word' id='word_1_65' title='bbox 555 1219 660 1300; x_wconf 84' lang='lat' dir='ltr'><strong>Quod</strong></span> <span class='ocrx_word' id='word_1_66' title='bbox 686 1221 717 1285; x_wconf 87' lang='lat' dir='ltr'><strong>&#39;si</strong></span> <span class='ocrx_word' id='word_1_67' title='bbox 741 1241 801 1284; x_wconf 90' lang='lat' dir='ltr'><strong>nec</strong></span> <span class='ocrx_word' id='word_1_68' title='bbox 825 1219 1039 1304; x_wconf 73' lang='lat' dir='ltr'><strong>Anaxagoras</strong></span> <span class='ocrx_word' id='word_1_69' title='bbox 1060 1216 1201 1302; x_wconf 69' lang='lat' dir='ltr'><strong>fugam,d</strong></span> <span class='ocrx_word' id='word_1_70' title='bbox 1232 1236 1293 1282; x_wconf 88' lang='lat' dir='ltr'><strong>nec</strong></span> 
     </span>
    </p>
   </div>
   <div class='ocr_carea' id='block_1_3' title="bbox 248 1439 878 1491">
    <p class='ocr_par' dir='ltr' id='par_1_3' title="bbox 248 1439 878 1491">
     <span class='ocr_line' id='line_1_11' title="bbox 248 1439 878 1491; baseline 0 -3"><span class='ocrx_word' id='word_1_71' title='bbox 248 1440 423 1489; x_wconf 72' lang='lat' dir='ltr'><strong>”Doctriosm</strong></span> <span class='ocrx_word' id='word_1_72' title='bbox 488 1449 505 1488; x_wconf 78' lang='lat'><strong>¹¹?</strong></span> <span class='ocrx_word' id='word_1_73' title='bbox 522 1441 675 1491; x_wconf 79' lang='lat' dir='ltr'><strong>Domesticos.</strong></span> <span class='ocrx_word' id='word_1_74' title='bbox 748 1449 761 1472; x_wconf 72' lang='lat'><strong><em>³</em></strong></span> <span class='ocrx_word' id='word_1_75' title='bbox 776 1439 878 1489; x_wconf 73' lang='lat' dir='ltr'><strong>ortem.</strong></span> 
     </span>
    </p>
   </div>
   <div class='ocr_carea' id='block_1_4' title="bbox 651 1571 829 1593">
    <p class='ocr_par' dir='ltr' id='par_1_4' title="bbox 651 1571 829 1593">
     <span class='ocr_line' id='line_1_12' title="bbox 651 1571 829 1593; baseline 0.017 -4"><span class='ocrx_word' id='word_1_76' title='bbox 651 1571 829 1593; x_wconf 52' lang='lat' dir='ltr'><strong>ommOW‘</strong></span> 
     </span>
    </p>
   </div>
   <div class='ocr_carea' id='block_1_5' title="bbox 207 1672 1297 1863">
    <p class='ocr_par' dir='ltr' id='par_1_5' title="bbox 207 1672 1297 1863">
     <span class='ocr_line' id='line_1_13' title="bbox 207 1672 1297 1737; baseline -0.006 -10"><span class='ocrx_word' id='word_1_77' title='bbox 207 1680 237 1727; x_wconf 75' lang='lat'><strong>12</strong></span> <span class='ocrx_word' id='word_1_78' title='bbox 253 1676 306 1726; x_wconf 82' lang='lat' dir='ltr'><strong>Me.</strong></span> <span class='ocrx_word' id='word_1_79' title='bbox 322 1674 448 1726; x_wconf 85' lang='lat' dir='ltr'><strong>Rittersh.</strong></span> <span class='ocrx_word' id='word_1_80' title='bbox 466 1676 689 1727; x_wconf 62' lang='lat' dir='ltr'><strong>denotarat-1³</strong></span> <span class='ocrx_word' id='word_1_81' title='bbox 706 1673 786 1724; x_wconf 79' lang='lat' dir='ltr'><strong>‘Mea</strong></span> <span class='ocrx_word' id='word_1_82' title='bbox 798 1673 919 1724; x_wconf 81' lang='lat' dir='ltr'><strong>Ritterslr.</strong></span> <span class='ocrx_word' id='word_1_83' title='bbox 938 1674 1037 1737; x_wconf 84' lang='lat' dir='ltr'><strong>respuit</strong></span> <span class='ocrx_word' id='word_1_84' title='bbox 1048 1672 1173 1735; x_wconf 83' lang='lat' dir='ltr'><strong>voculam,</strong></span> <span class='ocrx_word' id='word_1_85' title='bbox 1184 1677 1229 1735; x_wconf 79' lang='lat' dir='ltr'><strong>est,</strong></span> <span class='ocrx_word' id='word_1_86' title='bbox 1239 1686 1297 1737; x_wconf 76' lang='lat' dir='ltr'><strong>quse</strong></span> 
     </span>
     <span class='ocr_line' id='line_1_14' title="bbox 700 1811 807 1863; baseline -0.009 -1"><span class='ocrx_word' id='word_1_87' title='bbox 700 1811 807 1863; x_wconf 82' lang='lat' dir='ltr'>NOTAE</span> 
     </span>
    </p>
   </div>
   <div class='ocr_carea' id='block_1_6' title="bbox 169 1920 1315 4176">
    <p class='ocr_par' dir='ltr' id='par_1_6' title="bbox 169 1920 1311 3494">
     <span class='ocr_line' id='line_1_15' title="bbox 207 1920 1298 1989; baseline -0.005 -15"><span class='ocrx_word' id='word_1_88' title='bbox 207 1924 284 1975; x_wconf 75' lang='lat' dir='ltr'><strong>Plato</strong></span> <span class='ocrx_word' id='word_1_89' title='bbox 304 1926 420 1989; x_wconf 83' lang='lat' dir='ltr'><strong>tradidit,</strong></span> <span class='ocrx_word' id='word_1_90' title='bbox 439 1926 541 1977; x_wconf 90' lang='lat' dir='ltr'><strong>literam</strong></span> <span class='ocrx_word' id='word_1_91' title='bbox 560 1926 655 1976; x_wconf 86' lang='lat' dir='ltr'><strong>nullam</strong></span> <span class='ocrx_word' id='word_1_92' title='bbox 676 1926 734 1976; x_wconf 87' lang='lat' dir='ltr'><strong>reli·</strong></span> <span class='ocrx_word' id='word_1_93' title='bbox 773 1924 799 1975; x_wconf 87' lang='lat' dir='ltr'><strong>hi</strong></span> <span class='ocrx_word' id='word_1_94' title='bbox 810 1920 914 1976; x_wconf 82' lang='lat' dir='ltr'><strong>Zenone</strong></span> <span class='ocrx_word' id='word_1_95' title='bbox 923 1920 990 1975; x_wconf 87' lang='lat' dir='ltr'><strong>duee</strong></span> <span class='ocrx_word' id='word_1_96' title='bbox 1002 1920 1298 1989; x_wconf 75' lang='lat' dir='ltr'><strong>philosophoutorzuom</strong></span> 
     </span>
     <span class='ocr_line' id='line_1_16' title="bbox 207 1997 1299 2066; baseline -0.005 -17"><span class='ocrx_word' id='word_1_97' title='bbox 207 2000 280 2066; x_wconf 64' lang='lat' dir='ltr'><strong>quit!</strong></span> <span class='ocrx_word' id='word_1_98' title='bbox 312 2002 409 2050; x_wconf 85' lang='lat' dir='ltr'><strong>Postea</strong></span> <span class='ocrx_word' id='word_1_99' title='bbox 419 2000 488 2049; x_wconf 87' lang='lat' dir='ltr'><strong>idem</strong></span> <span class='ocrx_word' id='word_1_100' title='bbox 498 2002 618 2050; x_wconf 82' lang='lat' dir='ltr'><strong>Socrates</strong></span> <span class='ocrx_word' id='word_1_101' title='bbox 628 2006 733 2049; x_wconf 76' lang='lat' dir='ltr'><strong>secuse·</strong></span> <span class='ocrx_word' id='word_1_102' title='bbox 773 2001 831 2051; x_wconf 75' lang='lat' dir='ltr'><strong>duae</strong></span> <span class='ocrx_word' id='word_1_103' title='bbox 854 2003 993 2065; x_wconf 74' lang='lat' dir='ltr'><strong>precipuae</strong></span> <span class='ocrx_word' id='word_1_104' title='bbox 1013 2009 1073 2050; x_wconf 87' lang='lat' dir='ltr'><strong>suot</strong></span> <span class='ocrx_word' id='word_1_105' title='bbox 1092 1997 1299 2063; x_wconf 88' lang='lat' dir='ltr'><strong>philosophorum</strong></span> 
     </span>
     <span class='ocr_line' id='line_1_17' title="bbox 206 2074 1300 2141; baseline -0.005 -15"><span class='ocrx_word' id='word_1_106' title='bbox 206 2084 258 2140; x_wconf 87' lang='lat' dir='ltr'><strong>tus,</strong></span> <span class='ocrx_word' id='word_1_107' title='bbox 269 2075 335 2141; x_wconf 91' lang='lat' dir='ltr'><strong>quod</strong></span> <span class='ocrx_word' id='word_1_108' title='bbox 345 2075 376 2124; x_wconf 92' lang='lat' dir='ltr'><strong>de</strong></span> <span class='ocrx_word' id='word_1_109' title='bbox 390 2075 448 2123; x_wconf 84' lang='lat' dir='ltr'><strong>Diis</strong></span> <span class='ocrx_word' id='word_1_110' title='bbox 459 2076 526 2124; x_wconf 85' lang='lat' dir='ltr'><strong>male</strong></span> <span class='ocrx_word' id='word_1_111' title='bbox 536 2074 657 2135; x_wconf 85' lang='lat' dir='ltr'><strong>sentiret,</strong></span> <span class='ocrx_word' id='word_1_112' title='bbox 674 2075 733 2123; x_wconf 83' lang='lat' dir='ltr'><strong>‘ca·</strong></span> <span class='ocrx_word' id='word_1_113' title='bbox 772 2076 935 2140; x_wconf 86' lang='lat' dir='ltr'><strong>antiquorum</strong></span> <span class='ocrx_word' id='word_1_114' title='bbox 955 2084 1044 2139; x_wconf 79' lang='lat' dir='ltr'><strong>sectae,</strong></span> <span class='ocrx_word' id='word_1_115' title='bbox 1060 2091 1076 2124; x_wconf 85' lang='lat' dir='ltr'><strong>a</strong></span> <span class='ocrx_word' id='word_1_116' title='bbox 1094 2074 1186 2140; x_wconf 89' lang='lat' dir='ltr'><strong>qulbus</strong></span> <span class='ocrx_word' id='word_1_117' title='bbox 1205 2078 1300 2123; x_wconf 79' lang='lat' dir='ltr'><strong>ceterae</strong></span> 
     </span>
     <span class='ocr_line' id='line_1_18' title="bbox 208 2146 1302 2214; baseline -0.005 -14"><span class='ocrx_word' id='word_1_118' title='bbox 208 2151 262 2213; x_wconf 91' lang='lat' dir='ltr'><strong>pite</strong></span> <span class='ocrx_word' id='word_1_119' title='bbox 271 2149 406 2198; x_wconf 82' lang='lat' dir='ltr'><strong>domnulus</strong></span> <span class='ocrx_word' id='word_1_120' title='bbox 415 2146 472 2212; x_wconf 88' lang='lat' dir='ltr'><strong>est,’</strong></span> <span class='ocrx_word' id='word_1_121' title='bbox 480 2146 732 2213; x_wconf 75' lang='lat' dir='ltr'><strong>sed¹injustissime:’</strong></span> <span class='ocrx_word' id='word_1_122' title='bbox 772 2156 971 2214; x_wconf 79' lang='lat' dir='ltr'><strong>promanarunt:</strong></span> <span class='ocrx_word' id='word_1_123' title='bbox 999 2165 1091 2213; x_wconf 87' lang='lat' dir='ltr'><strong>nempe</strong></span> <span class='ocrx_word' id='word_1_124' title='bbox 1111 2149 1211 2211; x_wconf 87' lang='lat' dir='ltr'><strong>Ionica,</strong></span> <span class='ocrx_word' id='word_1_125' title='bbox 1228 2148 1302 2211; x_wconf 89' lang='lat' dir='ltr'><strong>cujus</strong></span> 
     </span>
     <span class='ocr_line' id='line_1_19' title="bbox 208 2210 1302 2291; baseline -0.003 -16"><span class='ocrx_word' id='word_1_126' title='bbox 208 2227 229 2275; x_wconf 90' lang='lat' dir='ltr'><strong>si</strong></span> <span class='ocrx_word' id='word_1_127' title='bbox 247 2210 360 2291; x_wconf 81' lang='lat' dir='ltr'><strong>quidem,</strong></span> <span class='ocrx_word' id='word_1_128' title='bbox 380 2226 487 2274; x_wconf 84' lang='lat' dir='ltr'><strong>auctore</strong></span> <span class='ocrx_word' id='word_1_129' title='bbox 498 2224 659 2289; x_wconf 75' lang='lat' dir='ltr'><strong>ipso&#39;l&#39;ullio,</strong></span> <span class='ocrx_word' id='word_1_130' title='bbox 670 2239 690 2275; x_wconf 85' lang='lat' dir='ltr'><strong>r.</strong></span> <span class='ocrx_word' id='word_1_131' title='bbox 701 2225 734 2273; x_wconf 86' lang='lat' dir='ltr'><strong>de</strong></span> <span class='ocrx_word' id='word_1_132' title='bbox 773 2232 863 2274; x_wconf 84' lang='lat' dir='ltr'><strong>auctor</strong></span> <span class='ocrx_word' id='word_1_133' title='bbox 871 2225 965 2275; x_wconf 86' lang='lat' dir='ltr'><strong>dicitur</strong></span> <span class='ocrx_word' id='word_1_134' title='bbox 972 2226 1068 2276; x_wconf 85' lang='lat' dir='ltr'><strong>Thales</strong></span> <span class='ocrx_word' id='word_1_135' title='bbox 1075 2224 1206 2286; x_wconf 63' lang='lat' dir='ltr'><strong>Milesion</strong></span> <span class='ocrx_word' id='word_1_136' title='bbox 1215 2223 1302 2274; x_wconf 84' lang='lat' dir='ltr'><strong>etIto·</strong></span> 
     </span>
     <span class='ocr_line' id='line_1_20' title="bbox 210 2298 1303 2366; baseline -0.003 -15"><span class='ocrx_word' id='word_1_137' title='bbox 210 2301 257 2351; x_wconf 89' lang='lat' dir='ltr'><strong>Or.</strong></span> <span class='ocrx_word' id='word_1_138' title='bbox 274 2300 403 2350; x_wconf 89' lang='lat' dir='ltr'><strong>‘oinuium</strong></span> <span class='ocrx_word' id='word_1_139' title='bbox 414 2298 617 2364; x_wconf 77' lang='lat' dir='ltr'><strong>cupientissimus</strong></span> <span class='ocrx_word' id='word_1_140' title='bbox 627 2299 735 2350; x_wconf 81' lang='lat' dir='ltr'><strong>sanctis·</strong></span> <span class='ocrx_word' id='word_1_141' title='bbox 774 2300 834 2366; x_wconf 85' lang='lat' dir='ltr'><strong>lico,</strong></span> <span class='ocrx_word' id='word_1_142' title='bbox 858 2302 930 2366; x_wconf 88' lang='lat' dir='ltr'><strong>cujus</strong></span> <span class='ocrx_word' id='word_1_143' title='bbox 953 2308 1032 2365; x_wconf 83' lang='lat' dir='ltr'><strong>eaput</strong></span> <span class='ocrx_word' id='word_1_144' title='bbox 1054 2299 1105 2351; x_wconf 86' lang='lat' dir='ltr'><strong>fuit</strong></span> <span class='ocrx_word' id='word_1_145' title='bbox 1129 2300 1303 2364; x_wconf 76' lang='lat' dir='ltr'><strong>Pythagoreo.</strong></span> 
     </span>
     <span class='ocr_line' id='line_1_21' title="bbox 209 2374 1304 2447; baseline -0.005 -19"><span class='ocrx_word' id='word_1_146' title='bbox 209 2380 324 2442; x_wconf 87' lang='lat' dir='ltr'><strong>simeque</strong></span> <span class='ocrx_word' id='word_1_147' title='bbox 346 2375 439 2426; x_wconf 77' lang='lat' dir='ltr'><strong>&#39;virili&#39;</strong></span> <span class='ocrx_word' id='word_1_148' title='bbox 467 2376 606 2447; x_wconf 81' lang='lat' dir='ltr'><strong>propterea</strong></span> <span class='ocrx_word' id='word_1_149' title='bbox 628 2377 737 2441; x_wconf 78' lang='lat' dir='ltr'><strong>populus</strong></span> <span class='ocrx_word' id='word_1_150' title='bbox 775 2374 872 2428; x_wconf 83' lang='lat' dir='ltr'><strong>Ionicte</strong></span> <span class='ocrx_word' id='word_1_151' title='bbox 890 2378 949 2428; x_wconf 74' lang='lat' dir='ltr'><strong>duur</strong></span> <span class='ocrx_word' id='word_1_152' title='bbox 965 2378 1141 2429; x_wconf 80' lang='lat' dir='ltr'><strong>celeberrima·</strong></span> <span class='ocrx_word' id='word_1_153' title='bbox 1160 2375 1304 2425; x_wconf 78' lang='lat' dir='ltr'><strong>extiterunt</strong></span> 
     </span>
     <span class='ocr_line' id='line_1_22' title="bbox 210 2443 1304 2519; baseline -0.003 -17"><span class='ocrx_word' id='word_1_154' title='bbox 210 2461 318 2504; x_wconf 78' lang='lat' dir='ltr'><strong>mortens</strong></span> <span class='ocrx_word' id='word_1_155' title='bbox 338 2456 393 2519; x_wconf 89' lang='lat' dir='ltr'><strong>ejus</strong></span> <span class='ocrx_word' id='word_1_156' title='bbox 411 2453 448 2503; x_wconf 83' lang='lat' dir='ltr'><strong>itu</strong></span> <span class='ocrx_word' id='word_1_157' title='bbox 467 2446 560 2514; x_wconf 79' lang='lat' dir='ltr'><strong>doluit,</strong></span> <span class='ocrx_word' id='word_1_158' title='bbox 576 2446 605 2501; x_wconf 83' lang='lat' dir='ltr'><strong>u&#39;t</strong></span> <span class='ocrx_word' id='word_1_159' title='bbox 622 2449 737 2515; x_wconf 78' lang='lat' dir='ltr'><strong>ejusdem</strong></span> <span class='ocrx_word' id='word_1_160' title='bbox 777 2443 1304 2518; x_wconf 77' lang='lat' dir='ltr'><strong>lumiliae,oempeAcademicorum,etPe·</strong></span> 
     </span>
     <span class='ocr_line' id='line_1_23' title="bbox 212 2525 1304 2593; baseline -0.003 -16"><span class='ocrx_word' id='word_1_161' title='bbox 212 2532 376 2579; x_wconf 80' lang='lat' dir='ltr'><strong>accusatores</strong></span> <span class='ocrx_word' id='word_1_162' title='bbox 385 2528 480 2592; x_wconf 82' lang='lat' dir='ltr'><strong>partim</strong></span> <span class='ocrx_word' id='word_1_163' title='bbox 489 2532 582 2588; x_wconf 80' lang='lat' dir='ltr'><strong>morte,</strong></span> <span class='ocrx_word' id='word_1_164' title='bbox 590 2527 685 2590; x_wconf 75' lang='lat' dir='ltr'><strong>partim</strong></span> <span class='ocrx_word' id='word_1_165' title='bbox 694 2534 738 2576; x_wconf 80' lang='lat' dir='ltr'><strong>e&#39;x·</strong></span> <span class='ocrx_word' id='word_1_166' title='bbox 779 2531 974 2593; x_wconf 87' lang='lat' dir='ltr'><strong>ripateticorum</strong></span> <span class='ocrx_word' id='word_1_167' title='bbox 985 2528 1109 2579; x_wconf 73' lang='lat' dir='ltr'><strong>:italice</strong></span> <span class='ocrx_word' id='word_1_168' title='bbox 1128 2528 1225 2590; x_wconf 86' lang='lat' dir='ltr'><strong>pariter</strong></span> <span class='ocrx_word' id='word_1_169' title='bbox 1235 2525 1304 2587; x_wconf 81' lang='lat' dir='ltr'><strong>duae,</strong></span> 
     </span>
     <span class='ocr_line' id='line_1_24' title="bbox 209 2601 1305 2674; baseline -0.003 -23"><span class='ocrx_word' id='word_1_170' title='bbox 209 2603 255 2652; x_wconf 89' lang='lat' dir='ltr'><strong>ilio</strong></span> <span class='ocrx_word' id='word_1_171' title='bbox 267 2605 390 2668; x_wconf 78' lang='lat' dir='ltr'><strong>punierit,</strong></span> <span class='ocrx_word' id='word_1_172' title='bbox 402 2605 504 2670; x_wconf 82' lang='lat' dir='ltr'><strong>ipsique</strong></span> <span class='ocrx_word' id='word_1_173' title='bbox 515 2601 615 2674; x_wconf 72' lang='lat' dir='ltr'><strong>Socrati</strong></span> <span class='ocrx_word' id='word_1_174' title='bbox 626 2610 739 2653; x_wconf 78' lang='lat' dir='ltr'><strong>statuum</strong></span> <span class='ocrx_word' id='word_1_175' title='bbox 778 2605 896 2654; x_wconf 88' lang='lat' dir='ltr'><strong>nimirum</strong></span> <span class='ocrx_word' id='word_1_176' title='bbox 907 2605 1060 2664; x_wconf 85' lang='lat' dir='ltr'><strong>Stoicorum,</strong></span> <span class='ocrx_word' id='word_1_177' title='bbox 1070 2608 1098 2650; x_wconf 89' lang='lat' dir='ltr'><strong>et</strong></span> <span class='ocrx_word' id='word_1_178' title='bbox 1108 2601 1305 2664; x_wconf 83' lang='lat' dir='ltr'><strong>Epicureorum,</strong></span> 
     </span>
     <span class='ocr_line' id='line_1_25' title="bbox 169 2672 1305 2743; baseline 0.003 -21"><span class='ocrx_word' id='word_1_179' title='bbox 169 2677 172 2682; x_wconf 84' lang='lat'><em>&#39;</em></span> <span class='ocrx_word' id='word_1_180' title='bbox 213 2682 307 2724; x_wconf 70' lang='lat' dir='ltr'><strong>aream</strong></span> <span class='ocrx_word' id='word_1_181' title='bbox 320 2680 451 2740; x_wconf 75' lang='lat' dir='ltr'><strong>posueritr</strong></span> <span class='ocrx_word' id='word_1_182' title='bbox 468 2672 565 2728; x_wconf 84' lang='lat' dir='ltr'><strong>‘obllt’</strong></span> <span class='ocrx_word' id='word_1_183' title='bbox 582 2680 668 2727; x_wconf 84' lang='lat' dir='ltr'><strong>tomen</strong></span> <span class='ocrx_word' id='word_1_184' title='bbox 683 2677 738 2726; x_wconf 65' lang='lat' dir='ltr'><strong>‘aa</strong></span> <span class='ocrx_word' id='word_1_185' title='bbox 779 2679 788 2706; x_wconf 87' lang='lat'>‘</span> <span class='ocrx_word' id='word_1_186' title='bbox 797 2676 860 2743; x_wconf 86' lang='lat' dir='ltr'><strong>qul,&#39;</strong></span> <span class='ocrx_word' id='word_1_187' title='bbox 876 2686 905 2728; x_wconf 91' lang='lat' dir='ltr'><strong>ut</strong></span> <span class='ocrx_word' id='word_1_188' title='bbox 920 2677 1035 2742; x_wconf 89' lang='lat' dir='ltr'><strong>loquitur</strong></span> <span class='ocrx_word' id='word_1_189' title='bbox 1052 2676 1078 2723; x_wconf 86' lang='lat' dir='ltr'><strong>S.</strong></span> <span class='ocrx_word' id='word_1_190' title='bbox 1090 2673 1199 2736; x_wconf 72' lang='lat' dir='ltr'><strong>August.</strong></span> <span class='ocrx_word' id='word_1_191' title='bbox 1211 2674 1305 2725; x_wconf 48' lang='lat' dir='ltr'><strong>lauru.</strong></span> 
     </span>
     <span class='ocr_line' id='line_1_26' title="bbox 213 2746 1305 2816; baseline -0.001 -16"><span class='ocrx_word' id='word_1_192' title='bbox 213 2746 288 2800; x_wconf 78' lang='lat' dir='ltr'><strong>tante</strong></span> <span class='ocrx_word' id='word_1_193' title='bbox 303 2751 494 2814; x_wconf 67' lang='lat' dir='ltr'><strong>Philosophia?</strong></span> <span class='ocrx_word' id='word_1_194' title='bbox 510 2757 578 2816; x_wconf 79' lang='lat' dir='ltr'><strong>nom,</strong></span> <span class='ocrx_word' id='word_1_195' title='bbox 595 2759 624 2803; x_wconf 92' lang='lat' dir='ltr'><strong>ut</strong></span> <span class='ocrx_word' id='word_1_196' title='bbox 634 2753 739 2804; x_wconf 75' lang='lat' dir='ltr'><strong>oit&#39;l&#39;ul·</strong></span> <span class='ocrx_word' id='word_1_197' title='bbox 779 2753 812 2802; x_wconf 89' lang='lat' dir='ltr'><strong>de</strong></span> <span class='ocrx_word' id='word_1_198' title='bbox 822 2750 879 2804; x_wconf 81' lang='lat' dir='ltr'><strong>civ.</strong></span> <span class='ocrx_word' id='word_1_199' title='bbox 891 2753 925 2802; x_wconf 90' lang='lat' dir='ltr'><strong>D.</strong></span> <span class='ocrx_word' id='word_1_200' title='bbox 938 2767 963 2802; x_wconf 85' lang='lat' dir='ltr'><strong>c.</strong></span> <span class='ocrx_word' id='word_1_201' title='bbox 971 2756 996 2802; x_wconf 84' lang='grc'><strong>7.</strong></span> <span class='ocrx_word' id='word_1_202' title='bbox 1011 2748 1305 2815; x_wconf 83' lang='lat' dir='ltr'><strong>‘posuernotjodieium</strong></span> 
     </span>
     <span class='ocr_line' id='line_1_27' title="bbox 212 2819 1307 2894; baseline -0.001 -19"><span class='ocrx_word' id='word_1_203' title='bbox 212 2826 262 2875; x_wconf 89' lang='lat' dir='ltr'><strong>lius</strong></span> <span class='ocrx_word' id='word_1_204' title='bbox 274 2825 339 2876; x_wconf 87' lang='lat' dir='ltr'><strong>ibid.</strong></span> <span class='ocrx_word' id='word_1_205' title='bbox 350 2819 581 2890; x_wconf 77' lang='lat' dir='ltr'><strong>&#39;‘elegantissimsm</strong></span> <span class='ocrx_word' id='word_1_206' title='bbox 592 2829 675 2894; x_wconf 79' lang='lat' dir='ltr'><strong>Lysia</strong></span> <span class='ocrx_word' id='word_1_207' title='bbox 685 2844 740 2880; x_wconf 86' lang='lat' dir='ltr'><strong>orn·</strong></span> <span class='ocrx_word' id='word_1_208' title='bbox 779 2829 899 2880; x_wconf 81' lang='lat' dir='ltr'><strong>veritatis</strong></span> <span class='ocrx_word' id='word_1_209' title='bbox 908 2829 934 2878; x_wconf 91' lang='lat' dir='ltr'><strong>iu</strong></span> <span class='ocrx_word' id='word_1_210' title='bbox 945 2828 1061 2878; x_wconf 86' lang='lat' dir='ltr'><strong>sensibus</strong></span> <span class='ocrx_word' id='word_1_211' title='bbox 1072 2825 1195 2889; x_wconf 87' lang='lat' dir='ltr'><strong>corporis,</strong></span> <span class='ocrx_word' id='word_1_212' title='bbox 1206 2839 1307 2874; x_wconf 88' lang='lat' dir='ltr'><strong>eornm·</strong></span> 
     </span>
     <span class='ocr_line' id='line_1_28' title="bbox 214 2894 1306 2971; baseline 0.002 -23"><span class='ocrx_word' id='word_1_213' title='bbox 214 2901 319 2965; x_wconf 83' lang='lat' dir='ltr'><strong>tionem,</strong></span> <span class='ocrx_word' id='word_1_214' title='bbox 334 2912 386 2965; x_wconf 81' lang='lat' dir='ltr'><strong>qus</strong></span> <span class='ocrx_word' id='word_1_215' title='bbox 403 2914 450 2966; x_wconf 89' lang='lat' dir='ltr'><strong>pro</strong></span> <span class='ocrx_word' id='word_1_216' title='bbox 465 2909 493 2971; x_wconf 81' lang='lat' dir='ltr'><strong>s&#39;e</strong></span> <span class='ocrx_word' id='word_1_217' title='bbox 508 2903 534 2952; x_wconf 91' lang='lat' dir='ltr'><strong>in</strong></span> <span class='ocrx_word' id='word_1_218' title='bbox 547 2905 646 2968; x_wconf 87' lang='lat' dir='ltr'><strong>judicio</strong></span> <span class='ocrx_word' id='word_1_219' title='bbox 656 2910 740 2954; x_wconf 85' lang='lat' dir='ltr'><strong>utere·</strong></span> <span class='ocrx_word' id='word_1_220' title='bbox 781 2898 831 2971; x_wconf 82' lang='lat' dir='ltr'><strong>que</strong></span> <span class='ocrx_word' id='word_1_221' title='bbox 850 2906 935 2956; x_wconf 82' lang='lat' dir='ltr'><strong>infidis</strong></span> <span class='ocrx_word' id='word_1_222' title='bbox 954 2912 983 2955; x_wconf 88' lang='lat' dir='ltr'><strong>et</strong></span> <span class='ocrx_word' id='word_1_223' title='bbox 995 2894 1131 2954; x_wconf 77' lang='lat' dir='ltr'><strong>fallacibus</strong></span> <span class='ocrx_word' id='word_1_224' title='bbox 1147 2902 1242 2965; x_wconf 74' lang='lat' dir='ltr'><strong>regulis</strong></span> <span class='ocrx_word' id='word_1_225' title='bbox 1254 2917 1306 2951; x_wconf 89' lang='lat' dir='ltr'><strong>om-</strong></span> 
     </span>
     <span class='ocr_line' id='line_1_29' title="bbox 215 2975 1307 3047; baseline 0.004 -21"><span class='ocrx_word' id='word_1_226' title='bbox 215 2983 267 3040; x_wconf 85' lang='lat' dir='ltr'><strong>tur,</strong></span> <span class='ocrx_word' id='word_1_227' title='bbox 289 2975 399 3040; x_wconf 84' lang='lat' dir='ltr'><strong>respuit,</strong></span> <span class='ocrx_word' id='word_1_228' title='bbox 425 2979 510 3028; x_wconf 86' lang='lat' dir='ltr'><strong>etita</strong></span> <span class='ocrx_word' id='word_1_229' title='bbox 530 2978 557 3027; x_wconf 89' lang='lat' dir='ltr'><strong>lo</strong></span> <span class='ocrx_word' id='word_1_230' title='bbox 576 2980 679 3043; x_wconf 89' lang='lat' dir='ltr'><strong>judicio</strong></span> <span class='ocrx_word' id='word_1_231' title='bbox 701 2995 742 3031; x_wconf 81' lang='lat' dir='ltr'><strong>ca·</strong></span> <span class='ocrx_word' id='word_1_232' title='bbox 781 2983 825 3032; x_wconf 89' lang='lat' dir='ltr'><strong>nia</strong></span> <span class='ocrx_word' id='word_1_233' title='bbox 846 2998 904 3047; x_wconf 80' lang='lat' dir='ltr'><strong>quae</strong></span> <span class='ocrx_word' id='word_1_234' title='bbox 926 2982 1071 3045; x_wconf 86' lang='lat' dir='ltr'><strong>discuntur,</strong></span> <span class='ocrx_word' id='word_1_235' title='bbox 1098 2979 1231 3030; x_wconf 87' lang='lat' dir='ltr'><strong>metienda</strong></span> <span class='ocrx_word' id='word_1_236' title='bbox 1250 2994 1307 3030; x_wconf 88' lang='lat' dir='ltr'><strong>esse</strong></span> 
     </span>
     <span class='ocr_line' id='line_1_30' title="bbox 215 3050 1309 3122; baseline 0.002 -21"><span class='ocrx_word' id='word_1_237' title='bbox 215 3052 278 3118; x_wconf 87' lang='lat' dir='ltr'><strong>pitis</strong></span> <span class='ocrx_word' id='word_1_238' title='bbox 298 3066 345 3117; x_wconf 85' lang='lat' dir='ltr'><strong>pro</strong></span> <span class='ocrx_word' id='word_1_239' title='bbox 362 3063 389 3101; x_wconf 89' lang='lat' dir='ltr'><strong>se</strong></span> <span class='ocrx_word' id='word_1_240' title='bbox 405 3052 462 3116; x_wconf 90' lang='lat' dir='ltr'><strong>ips&#39;e</strong></span> <span class='ocrx_word' id='word_1_241' title='bbox 478 3053 553 3117; x_wconf 86' lang='lat' dir='ltr'><strong>dixit,</strong></span> <span class='ocrx_word' id='word_1_242' title='bbox 569 3061 599 3104; x_wconf 87' lang='lat' dir='ltr'><strong>ut</strong></span> <span class='ocrx_word' id='word_1_243' title='bbox 616 3067 666 3104; x_wconf 88' lang='lat' dir='ltr'><strong>uon</strong></span> <span class='ocrx_word' id='word_1_244' title='bbox 682 3070 741 3120; x_wconf 90' lang='lat' dir='ltr'><strong>sup-</strong></span> <span class='ocrx_word' id='word_1_245' title='bbox 782 3050 938 3108; x_wconf 79' lang='lat' dir='ltr'><strong>censuerunt</strong></span> <span class='ocrx_word' id='word_1_246' title='bbox 949 3056 966 3118; x_wconf 72' lang='grc' dir='ltr'><strong>ς’</strong></span> <span class='ocrx_word' id='word_1_247' title='bbox 982 3055 1076 3122; x_wconf 88' lang='lat' dir='ltr'><strong>quique</strong></span> <span class='ocrx_word' id='word_1_248' title='bbox 1095 3063 1234 3120; x_wconf 78' lang='lat' dir='ltr'><strong>propterea</strong></span> <span class='ocrx_word' id='word_1_249' title='bbox 1250 3057 1309 3122; x_wconf 84' lang='lat' dir='ltr'><strong>‘re-</strong></span> 
     </span>
     <span class='ocr_line' id='line_1_31' title="bbox 215 3128 1310 3199; baseline 0.002 -21"><span class='ocrx_word' id='word_1_250' title='bbox 215 3128 278 3194; x_wconf 82' lang='lat' dir='ltr'><strong>plex</strong></span> <span class='ocrx_word' id='word_1_251' title='bbox 298 3135 344 3180; x_wconf 81' lang='lat' dir='ltr'><strong>eut</strong></span> <span class='ocrx_word' id='word_1_252' title='bbox 360 3140 430 3190; x_wconf 89' lang='lat' dir='ltr'><strong>reus,</strong></span> <span class='ocrx_word' id='word_1_253' title='bbox 449 3128 494 3176; x_wconf 91' lang='lat' dir='ltr'><strong>sed</strong></span> <span class='ocrx_word' id='word_1_254' title='bbox 512 3133 541 3177; x_wconf 90' lang='lat' dir='ltr'><strong>ot</strong></span> <span class='ocrx_word' id='word_1_255' title='bbox 557 3130 682 3194; x_wconf 78' lang='lat' dir='ltr'><strong>magister</strong></span> <span class='ocrx_word' id='word_1_256' title='bbox 697 3138 740 3181; x_wconf 87' lang='lat' dir='ltr'><strong>aut</strong></span> <span class='ocrx_word' id='word_1_257' title='bbox 782 3132 935 3181; x_wconf 85' lang='lat' dir='ltr'><strong>clamantem</strong></span> <span class='ocrx_word' id='word_1_258' title='bbox 953 3129 1174 3199; x_wconf 82' lang='lat' dir='ltr'><strong>renitentemque&#39;</strong></span> <span class='ocrx_word' id='word_1_259' title='bbox 1192 3129 1310 3180; x_wconf 86' lang='lat' dir='ltr'><strong>Philoso-</strong></span> 
     </span>
     <span class='ocr_line' id='line_1_32' title="bbox 217 3198 1311 3270; baseline 0 -14"><span class='ocrx_word' id='word_1_260' title='bbox 217 3204 683 3266; x_wconf 71' lang='lat' dir='ltr'><strong>domiuusvidereturessejudicum!</strong></span> <span class='ocrx_word' id='word_1_261' title='bbox 710 3206 740 3254; x_wconf 86' lang='lat' dir='ltr'><strong>ln</strong></span> <span class='ocrx_word' id='word_1_262' title='bbox 783 3198 1311 3270; x_wconf 79' lang='lat' dir='ltr'><strong>potamexperri,putusoplicomveuem,</strong></span> 
     </span>
     <span class='ocr_line' id='line_1_33' title="bbox 219 3279 1311 3348; baseline 0 -16"><span class='ocrx_word' id='word_1_263' title='bbox 219 3297 269 3348; x_wconf 92' lang='lat' dir='ltr'><strong>quo</strong></span> <span class='ocrx_word' id='word_1_264' title='bbox 294 3280 450 3332; x_wconf 74' lang='lat' dir='ltr'><strong>‘victoriam</strong></span> <span class='ocrx_word' id='word_1_265' title='bbox 468 3279 557 3328; x_wconf 85' lang='lat' dir='ltr'><strong>mortis</strong></span> <span class='ocrx_word' id='word_1_266' title='bbox 574 3281 714 3344; x_wconf 85' lang='lat' dir='ltr'><strong>promeruit</strong></span> <span class='ocrx_word' id='word_1_267' title='bbox 725 3281 741 3328; x_wconf 90' lang='lat'><strong>:&#39;</strong></span> <span class='ocrx_word' id='word_1_268' title='bbox 783 3279 872 3343; x_wconf 85' lang='lat' dir='ltr'><strong>idest,</strong></span> <span class='ocrx_word' id='word_1_269' title='bbox 886 3279 1025 3341; x_wconf 85' lang='lat' dir='ltr'><strong>dictiones,</strong></span> <span class='ocrx_word' id='word_1_270' title='bbox 1042 3281 1134 3346; x_wconf 88' lang='lat' dir='ltr'><strong>quibus</strong></span> <span class='ocrx_word' id='word_1_271' title='bbox 1151 3289 1311 3348; x_wconf 73' lang='lat' dir='ltr'><strong>tegerentur,</strong></span> 
     </span>
     <span class='ocr_line' id='line_1_34' title="bbox 218 3354 1309 3424; baseline 0.001 -18"><span class='ocrx_word' id='word_1_272' title='bbox 218 3356 295 3420; x_wconf 85' lang='lat' dir='ltr'><strong>quod,</strong></span> <span class='ocrx_word' id='word_1_273' title='bbox 306 3356 406 3421; x_wconf 79' lang='lat' dir='ltr'><strong>judicto</strong></span> <span class='ocrx_word' id='word_1_274' title='bbox 421 3354 500 3419; x_wconf 87' lang='lat' dir='ltr'><strong>ipsius</strong></span> <span class='ocrx_word' id='word_1_275' title='bbox 520 3355 660 3418; x_wconf 78' lang='lat' dir='ltr'><strong>Ciceronis,</strong></span> <span class='ocrx_word' id='word_1_276' title='bbox 677 3368 744 3405; x_wconf 89' lang='lat' dir='ltr'><strong>mors</strong></span> <span class='ocrx_word' id='word_1_277' title='bbox 784 3354 976 3406; x_wconf 82' lang='lat' dir='ltr'><strong>‘disciderunt&#39;</strong></span> <span class='ocrx_word' id='word_1_278' title='bbox 999 3370 1126 3424; x_wconf 87' lang='lat' dir='ltr'><strong>verosque</strong></span> <span class='ocrx_word' id='word_1_279' title='bbox 1147 3359 1309 3423; x_wconf 80' lang='lat' dir='ltr'><strong>philosophos</strong></span> 
     </span>
     <span class='ocr_line' id='line_1_35' title="bbox 218 3429 965 3494; baseline 0.001 -17"><span class='ocrx_word' id='word_1_280' title='bbox 218 3431 274 3492; x_wconf 89' lang='lat' dir='ltr'><strong>illa,</strong></span> <span class='ocrx_word' id='word_1_281' title='bbox 289 3444 347 3494; x_wconf 78' lang='lat' dir='ltr'><strong>quae</strong></span> <span class='ocrx_word' id='word_1_282' title='bbox 366 3438 465 3481; x_wconf 73' lang='lat' dir='ltr'><strong>naturae</strong></span> <span class='ocrx_word' id='word_1_283' title='bbox 482 3429 580 3492; x_wconf 82' lang='lat' dir='ltr'><strong>debita,</strong></span> <span class='ocrx_word' id='word_1_284' title='bbox 596 3433 647 3480; x_wconf 88' lang='lat' dir='ltr'><strong>noo</strong></span> <span class='ocrx_word' id='word_1_285' title='bbox 664 3432 745 3481; x_wconf 84' lang='lat' dir='ltr'><strong>solunt</strong></span> <span class='ocrx_word' id='word_1_286' title='bbox 784 3431 886 3481; x_wconf 85' lang='lat' dir='ltr'><strong>mentiti</strong></span> <span class='ocrx_word' id='word_1_287' title='bbox 895 3438 965 3481; x_wconf 89' lang='lat' dir='ltr'><strong>snut.</strong></span> 
     </span>
    </p>

    <p class='ocr_par' dir='ltr' id='par_1_7' title="bbox 219 3503 1315 4176">
     <span class='ocr_line' id='line_1_36' title="bbox 219 3503 1310 3570; baseline 0.002 -18"><span class='ocrx_word' id='word_1_288' title='bbox 219 3517 267 3566; x_wconf 90' lang='lat' dir='ltr'><strong>pro</strong></span> <span class='ocrx_word' id='word_1_289' title='bbox 287 3508 381 3568; x_wconf 83' lang='lat' dir='ltr'><strong>patria,</strong></span> <span class='ocrx_word' id='word_1_290' title='bbox 402 3506 448 3555; x_wconf 88' lang='lat' dir='ltr'><strong>sed</strong></span> <span class='ocrx_word' id='word_1_291' title='bbox 467 3508 546 3556; x_wconf 82' lang='lat' dir='ltr'><strong>etism</strong></span> <span class='ocrx_word' id='word_1_292' title='bbox 566 3522 614 3570; x_wconf 91' lang='lat' dir='ltr'><strong>pro</strong></span> <span class='ocrx_word' id='word_1_293' title='bbox 633 3506 746 3560; x_wconf 77' lang='lat' dir='ltr'><strong>veritate</strong></span> <span class='ocrx_word' id='word_1_294' title='bbox 817 3503 1099 3570; x_wconf 64' lang='lat' dir='ltr'><strong>“Aouxogmoefugood</strong></span> <span class='ocrx_word' id='word_1_295' title='bbox 1114 3506 1145 3556; x_wconf 91' lang='lat' dir='ltr'><strong>Iu</strong></span> <span class='ocrx_word' id='word_1_296' title='bbox 1155 3504 1310 3570; x_wconf 77' lang='lat' dir='ltr'><strong>Anaxagora</strong></span> 
     </span>
     <span class='ocr_line' id='line_1_37' title="bbox 219 3578 1311 3646; baseline 0.003 -17"><span class='ocrx_word' id='word_1_297' title='bbox 219 3584 261 3630; x_wconf 75' lang='lat' dir='ltr'><strong>e&#39;st</strong></span> <span class='ocrx_word' id='word_1_298' title='bbox 280 3582 440 3643; x_wconf 85' lang='lat' dir='ltr'><strong>potissimum</strong></span> <span class='ocrx_word' id='word_1_299' title='bbox 461 3579 573 3646; x_wconf 76' lang='lat' dir='ltr'><strong>reddita,</strong></span> <span class='ocrx_word' id='word_1_300' title='bbox 595 3590 640 3634; x_wconf 87' lang='lat' dir='ltr'><strong>aut</strong></span> <span class='ocrx_word' id='word_1_301' title='bbox 661 3586 747 3635; x_wconf 82' lang='lat' dir='ltr'><strong>melio·</strong></span> <span class='ocrx_word' id='word_1_302' title='bbox 786 3582 865 3632; x_wconf 85' lang='lat' dir='ltr'><strong>etiam</strong></span> <span class='ocrx_word' id='word_1_303' title='bbox 876 3590 937 3632; x_wconf 83' lang='lat' dir='ltr'><strong>unte</strong></span> <span class='ocrx_word' id='word_1_304' title='bbox 946 3578 1063 3632; x_wconf 86' lang='lat' dir='ltr'><strong>Platonis</strong></span> <span class='ocrx_word' id='word_1_305' title='bbox 1072 3589 1175 3632; x_wconf 76' lang='lat' dir='ltr'><strong>etatem</strong></span> <span class='ocrx_word' id='word_1_306' title='bbox 1183 3581 1311 3644; x_wconf 79' lang='lat' dir='ltr'><strong>sepientis</strong></span> 
     </span>
     <span class='ocr_line' id='line_1_38' title="bbox 220 3655 1311 3721; baseline 0.004 -17"><span class='ocrx_word' id='word_1_307' title='bbox 220 3666 363 3719; x_wconf 80' lang='lat' dir='ltr'><strong>remquam</strong></span> <span class='ocrx_word' id='word_1_308' title='bbox 378 3657 421 3719; x_wconf 88' lang='lat' dir='ltr'><strong>qui</strong></span> <span class='ocrx_word' id='word_1_309' title='bbox 436 3660 477 3705; x_wconf 86' lang='lat' dir='ltr'><strong>est</strong></span> <span class='ocrx_word' id='word_1_310' title='bbox 493 3657 519 3705; x_wconf 93' lang='lat' dir='ltr'><strong>ln</strong></span> <span class='ocrx_word' id='word_1_311' title='bbox 536 3659 598 3721; x_wconf 81' lang='lat' dir='ltr'><strong>vita,</strong></span> <span class='ocrx_word' id='word_1_312' title='bbox 615 3664 660 3710; x_wconf 83' lang='lat' dir='ltr'><strong>sut</strong></span> <span class='ocrx_word' id='word_1_313' title='bbox 676 3664 747 3712; x_wconf 77' lang='lat' dir='ltr'><strong>certe</strong></span> <span class='ocrx_word' id='word_1_314' title='bbox 786 3660 853 3706; x_wconf 86' lang='lat' dir='ltr'><strong>mele</strong></span> <span class='ocrx_word' id='word_1_315' title='bbox 864 3664 977 3720; x_wconf 83' lang='lat' dir='ltr'><strong>excepta</strong></span> <span class='ocrx_word' id='word_1_316' title='bbox 987 3655 1046 3707; x_wconf 80' lang='lat' dir='ltr'><strong>fuit.</strong></span> <span class='ocrx_word' id='word_1_317' title='bbox 1068 3655 1311 3719; x_wconf 79' lang='lat' dir='ltr'><strong>Ausxugonsenim</strong></span> 
     </span>
     <span class='ocr_line' id='line_1_39' title="bbox 221 3728 1312 3797; baseline 0.002 -16"><span class='ocrx_word' id='word_1_318' title='bbox 221 3742 271 3781; x_wconf 85' lang='lat' dir='ltr'><strong>nou</strong></span> <span class='ocrx_word' id='word_1_319' title='bbox 284 3728 439 3780; x_wconf 86' lang='lat' dir='ltr'><strong>deteriorem</strong></span> <span class='ocrx_word' id='word_1_320' title='bbox 451 3729 528 3780; x_wconf 82' lang='lat' dir='ltr'><strong>affert</strong></span> <span class='ocrx_word' id='word_1_321' title='bbox 539 3738 645 3784; x_wconf 86' lang='lat' dir='ltr'><strong>statum.</strong></span> <span class='ocrx_word' id='word_1_322' title='bbox 669 3736 747 3784; x_wconf 85' lang='lat' dir='ltr'><strong>Deni-</strong></span> <span class='ocrx_word' id='word_1_323' title='bbox 785 3732 844 3795; x_wconf 86' lang='lat' dir='ltr'><strong>ipso</strong></span> <span class='ocrx_word' id='word_1_324' title='bbox 854 3731 962 3781; x_wconf 83' lang='lat' dir='ltr'><strong>Socrate</strong></span> <span class='ocrx_word' id='word_1_325' title='bbox 979 3732 1115 3797; x_wconf 80' lang='lat' dir='ltr'><strong>antiquior,</strong></span> <span class='ocrx_word' id='word_1_326' title='bbox 1131 3729 1243 3782; x_wconf 82' lang='lat' dir='ltr'><strong>docento</strong></span> <span class='ocrx_word' id='word_1_327' title='bbox 1252 3733 1312 3783; x_wconf 82' lang='lat' dir='ltr'><strong>Tul·</strong></span> 
     </span>
     <span class='ocr_line' id='line_1_40' title="bbox 223 3802 1312 3873; baseline 0.004 -18"><span class='ocrx_word' id='word_1_328' title='bbox 223 3822 272 3872; x_wconf 88' lang='lat' dir='ltr'><strong>qus</strong></span> <span class='ocrx_word' id='word_1_329' title='bbox 289 3805 369 3870; x_wconf 84' lang='lat' dir='ltr'><strong>ipsius</strong></span> <span class='ocrx_word' id='word_1_330' title='bbox 386 3806 502 3856; x_wconf 85' lang='lat' dir='ltr'><strong>Socratis</strong></span> <span class='ocrx_word' id='word_1_331' title='bbox 522 3806 746 3872; x_wconf 61' lang='lat' dir='ltr'><strong>doctrinamque</strong></span> <span class='ocrx_word' id='word_1_332' title='bbox 787 3802 1242 3871; x_wconf 75' lang='lat' dir='ltr'><strong>lio,di&#39;xi&#39;tmateriamintiuitsru,sed</strong></span> <span class='ocrx_word' id='word_1_333' title='bbox 1254 3810 1312 3873; x_wconf 89' lang='lat' dir='ltr'><strong>ejus</strong></span> 
     </span>
     <span class='ocr_line' id='line_1_41' title="bbox 222 3880 1313 3952; baseline 0.002 -19"><span class='ocrx_word' id='word_1_334' title='bbox 222 3883 342 3949; x_wconf 87' lang='lat' dir='ltr'><strong>quoniam</strong></span> <span class='ocrx_word' id='word_1_335' title='bbox 353 3881 436 3930; x_wconf 84' lang='lat' dir='ltr'><strong>instar</strong></span> <span class='ocrx_word' id='word_1_336' title='bbox 455 3882 572 3952; x_wconf 70' lang='lat' dir='ltr'><strong>pecunias</strong></span> <span class='ocrx_word' id='word_1_337' title='bbox 589 3881 646 3944; x_wconf 81' lang='lat' dir='ltr'><strong>ejus</strong></span> <span class='ocrx_word' id='word_1_338' title='bbox 665 3889 748 3932; x_wconf 88' lang='lat' dir='ltr'><strong>morte</strong></span> <span class='ocrx_word' id='word_1_339' title='bbox 787 3881 928 3945; x_wconf 78' lang='lat' dir='ltr'><strong>particulos</strong></span> <span class='ocrx_word' id='word_1_340' title='bbox 947 3882 1043 3949; x_wconf 85' lang='lat' dir='ltr'><strong>similes</strong></span> <span class='ocrx_word' id='word_1_341' title='bbox 1061 3880 1129 3930; x_wconf 79' lang='lat' dir='ltr'><strong>iuter</strong></span> <span class='ocrx_word' id='word_1_342' title='bbox 1148 3895 1175 3932; x_wconf 90' lang='lat' dir='ltr'><strong>se</strong></span> <span class='ocrx_word' id='word_1_343' title='bbox 1190 3884 1313 3948; x_wconf 87' lang='lat' dir='ltr'><strong>minutas,</strong></span> 
     </span>
     <span class='ocr_line' id='line_1_42' title="bbox 224 3954 1315 4024; baseline -0.007 -13"><span class='ocrx_word' id='word_1_344' title='bbox 224 3962 256 4011; x_wconf 82' lang='lat' dir='ltr'><strong>ed</strong></span> <span class='ocrx_word' id='word_1_345' title='bbox 273 3960 372 4024; x_wconf 85' lang='lat' dir='ltr'><strong>aliquos</strong></span> <span class='ocrx_word' id='word_1_346' title='bbox 387 3957 516 4022; x_wconf 84' lang='lat' dir='ltr'><strong>pervenit,</strong></span> <span class='ocrx_word' id='word_1_347' title='bbox 532 3954 629 4006; x_wconf 85' lang='lat' dir='ltr'><strong>ideirco</strong></span> <span class='ocrx_word' id='word_1_348' title='bbox 642 3965 749 4008; x_wconf 79' lang='lat' dir='ltr'><strong>roratur</strong></span> <span class='ocrx_word' id='word_1_349' title='bbox 788 3971 831 4006; x_wconf 86' lang='lat' dir='ltr'><strong>eas</strong></span> <span class='ocrx_word' id='word_1_350' title='bbox 843 3958 952 4020; x_wconf 86' lang='lat' dir='ltr'><strong>primum</strong></span> <span class='ocrx_word' id='word_1_351' title='bbox 963 3955 1090 4018; x_wconf 82' lang='lat' dir='ltr'><strong>confusus,</strong></span> <span class='ocrx_word' id='word_1_352' title='bbox 1107 3963 1197 4020; x_wconf 83' lang='lat' dir='ltr'><strong>postea</strong></span> <span class='ocrx_word' id='word_1_353' title='bbox 1208 3959 1234 4009; x_wconf 88' lang='lat' dir='ltr'><strong>io</strong></span> <span class='ocrx_word' id='word_1_354' title='bbox 1245 3961 1315 4011; x_wconf 90' lang='lat' dir='ltr'><strong>ordi.</strong></span> 
     </span>
     <span class='ocr_line' id='line_1_43' title="bbox 222 4016 1313 4102; baseline 0.003 -17"><span class='ocrx_word' id='word_1_355' title='bbox 222 4016 748 4101; x_wconf 60' lang='lat' dir='ltr'><strong>ejusdemthurerlituslperlitisontEpi·</strong></span> <span class='ocrx_word' id='word_1_356' title='bbox 788 4045 846 4080; x_wconf 88' lang='lat' dir='ltr'><strong>uem</strong></span> <span class='ocrx_word' id='word_1_357' title='bbox 857 4032 983 4083; x_wconf 83' lang='lat' dir='ltr'><strong>adductus</strong></span> <span class='ocrx_word' id='word_1_358' title='bbox 994 4037 1080 4082; x_wconf 89' lang='lat' dir='ltr'><strong>mente</strong></span> <span class='ocrx_word' id='word_1_359' title='bbox 1091 4031 1186 4085; x_wconf 81' lang='lat' dir='ltr'><strong>diviua.</strong></span> <span class='ocrx_word' id='word_1_360' title='bbox 1212 4036 1251 4086; x_wconf 79' lang='lat' dir='ltr'><strong>Eri</strong></span> <span class='ocrx_word' id='word_1_361' title='bbox 1263 4052 1313 4102; x_wconf 92' lang='lat' dir='ltr'><strong>qoo</strong></span> 
     </span>
     <span class='ocr_line' id='line_1_44' title="bbox 223 4100 1314 4176; baseline -0.001 -17"><span class='ocrx_word' id='word_1_362' title='bbox 223 4116 293 4163; x_wconf 86' lang='lat' dir='ltr'><strong>corel</strong></span> <span class='ocrx_word' id='word_1_363' title='bbox 306 4128 336 4164; x_wconf 83' lang='lat' dir='ltr'><strong>ac</strong></span> <span class='ocrx_word' id='word_1_364' title='bbox 348 4112 437 4174; x_wconf 81' lang='lat' dir='ltr'><strong>stoici,</strong></span> <span class='ocrx_word' id='word_1_365' title='bbox 452 4114 559 4175; x_wconf 81' lang='lat' dir='ltr'><strong>quorum</strong></span> <span class='ocrx_word' id='word_1_366' title='bbox 573 4103 612 4156; x_wconf 90' lang='lat' dir='ltr'><strong>tlli</strong></span> <span class='ocrx_word' id='word_1_367' title='bbox 627 4100 749 4173; x_wconf 73' lang='lat' dir='ltr'><strong>Epicuro,</strong></span> <span class='ocrx_word' id='word_1_368' title='bbox 789 4105 911 4173; x_wconf 78' lang='lat' dir='ltr'><strong>confecit,</strong></span> <span class='ocrx_word' id='word_1_369' title='bbox 924 4108 1010 4160; x_wconf 84' lang='lat' dir='ltr'><strong>Solem</strong></span> <span class='ocrx_word' id='word_1_370' title='bbox 1026 4110 1078 4159; x_wconf 81' lang='lat' dir='ltr'><strong>troo</strong></span> <span class='ocrx_word' id='word_1_371' title='bbox 1089 4121 1146 4159; x_wconf 89' lang='lat' dir='ltr'><strong>esse</strong></span> <span class='ocrx_word' id='word_1_372' title='bbox 1157 4112 1252 4176; x_wconf 86' lang='lat' dir='ltr'><strong>Deum,</strong></span> <span class='ocrx_word' id='word_1_373' title='bbox 1268 4108 1314 4162; x_wconf 84' lang='lat' dir='ltr'><strong>sed</strong></span> 
     </span>
    </p>
   </div>
   <div class='ocr_carea' id='block_1_7' title="bbox 0 0 1433 4800">
    <p class='ocr_par' dir='ltr' id='par_1_8' title="bbox 0 0 1433 4800">
     <span class='ocr_line' id='line_1_45' title="bbox 0 0 1433 4800; baseline 0 0"><span class='ocrx_word' id='word_1_374' title='bbox 0 0 1433 4800; x_wconf 95' lang='lat' dir='ltr'><strong> </strong></span> 
     </span>
    </p>
   </div>
  </div>
 </body>
</html>
