2790 4800
191 307 267 374 tw
542 316 694 370 aonanrr
720 319 768 368 na
792 291 945 371 corson?

192 463 333 532 nedum
345 463 539 530 desiderast
562 463 757 543 delatorem,
768 483 811 529 ne
825 464 1026 529 documenta
1041 462 1196 544 deferret,
1211 463 1284 549 qni-

190 568 257 632 bns
271 564 431 630 Senatum
450 565 660 648 majestatis*
682 573 797 630 renm³
817 565 956 644 faceret,
978 566 1162 649 impedisse
1178 567 1290 631 crini-¹

190 685 316 732 nomm.
360 665 455 744 Quid
480 668 593 758 igitur,
621 687 642 730 o
668 669 853 750 magistra,¹¹
875 669 1019 732 censest
1044 657 1289 751 inficiabimur·

191 768 325 845 crimen,
338 787 380 831 ne
399 769 460 833 tibi
474 768 594 852 pudori
608 769 739 834 simust
762 777 798 833 at
819 768 922 858 volui,
943 788 1005 832 nee
1030 789 1177 851 unquam
1201 768 1289 833 velle

193 869 370 934 desinam²
425 869 638 935 Fatebimurt
673 868 732 935 sed
756 869 1145 953 impediendi-delatoris
1169 868 1291 952 opera?

194 1072 252 1137 ille
266 1073 399 1155 quidem
414 1074 487 1137 suis
503 1074 545 1137 de
557 1094 611 1146 me
623 1074 778 1154 decretis,
791 1075 842 1139 uti
863 1073 925 1137 boe
945 1073 1039 1136 nefas
1053 1077 1156 1148 esset,
1169 1069 1290 1134 effece-

184 1179 257 1239 rat
300 1173 368 1238 Sed
394 1174 460 1237 sibi
484 1193 613 1258 semper
636 1177 799 1240 mentiens
823 1166 1047 1257 imprudentia
1068 1179 1199 1250 rerum,³
1223 1189 1291 1234 me-

197 1276 260 1340 rita
273 1295 338 1339 non
353 1281 466 1359 potest
474 1277 667 1342 immutare:
689 1297 750 1342 nec
773 1275 857 1342 mihi
880 1277 1056 1340 Socratico
1082 1274 1217 1339 decreto
1240 1272 1292 1334 fas

197 1395 272 1440 esse
302 1377 453 1456 arbitror,
491 1378 545 1454 vel
573 1378 763 1443 occuluisse
788 1377 978 1456 veritatem,
1002 1377 1057 1442 vel
1082 1375 1292 1441 concessisse

229 1575 416 1640 ‘Philosophia
480 1585 493 1609 ⁰
510 1576 693 1640 Negabimnsne.
758 1576 852 1626 team
867 1575 966 1637 objecta.
1029 1572 1165 1624 ‘Senatus

647 1705 826 1728 ΟΝΝΜΝΝ

199 1794 270 1844 Flor.
286 1793 415 1845 metten:
430 1795 516 1846 male?
537 1797 674 1848 Vallia-l
693 1794 785 1851 Qrsibtes
795 1794 908 1845 Senatum
918 1795 981 1842 lese
991 1789 1122 1851 metatis
1130 1789 1200 1851 vulg.
1224 1789 1231 1816 ‘
1242 1789 1294 1838 Ms.

199 1858 326 1908 Rittersb.
345 1859 443 1910 omittit
454 1861 596 1911 dictionem
607 1863 683 1912 taem
700 1873 752 1908 non
762 1859 853 1910 dubito
862 1859 924 1922 quin
936 1856 1097 1919 eugamina!
1113 1853 1197 1904 Sitzm.
1230 1853 1297 1903 Nos-

200 1928 268 1970 tram
295 1921 356 1971 leet.
379 1922 505 1973 exhibent
526 1926 626 1988 Delpb.
648 1933 675 1974 et
698 1923 835 1983 Herem—2
854 1924 918 1975 Velle
938 1922 1050 1971 maetam
1071 1918 1132 1968 edd.
1156 1916 1297 1966 eadem.—

199 1982 311 2032 tiinne
330 1984 415 2033 locum
436 1986 475 2034 ita
495 1986 702 2050 distinguendam
724 2003 758 2037 ex
777 1988 820 2038 ed.
842 1987 996 2037 Florentius
1014 1990 1102 2034 monet
1120 1983 1298 2032 Sitamannus:

201 2047 315 2095 mentiens
331 2047 497 2110 impendentia,
516 2065 603 2099 raum.
636 2052 679 2100 Sic
694 2049 772 2099 etiarn
784 2057 895 2115 apparet
914 2051 939 2100 in
955 2049 1015 2101 edd.
1036 2047 1130 2112 Delpb.
1141 2052 1169 2097 et
1180 2045 1299 2096 Beck.-

693 2160 805 2211 NOTAE

202 2254 241 2305 ias
252 2253 376 2306 vocabo?
392 2257 612 2321 qnanqmmenirn
623 2256 678 2321 ipse
689 2257 734 2306 Se·
773 2258 900 2322 Majestas
919 2263 960 2307 est
982 2271 1116 2323 supremus
1138 2254 1229 2319 honos,
1248 2269 1311 2319 qno·

202 2339 279 2383 natas
289 2333 297 2360 ‘
306 2334 359 2384 anis
370 2331 405 2382 de
414 2333 421 2355 ’
431 2333 544 2385 Boethio
554 2333 684 2384 ‘decretis
694 2333 733 2384 et·
772 2335 883 2400 populas
898 2340 1003 2384 tenetur
1019 2332 1123 2384 afficere
1145 2331 1300 2397 principem,

201 2408 314 2473 fecerit·
324 2416 353 2460 nt
364 2410 408 2476 qni
419 2411 618 2474 perturbatione
630 2409 733 2474 judica·
774 2411 845 2461 velat
853 2410 995 2475 spirantem
1001 2409 1051 2470 Dei
1059 2408 1212 2472 imaginem:
1226 2405 1301 2456 ‘snb-

203 2485 284 2551 ret,is
295 2484 403 2536 ‘netas'
421 2492 525 2550 putaret
535 2487 543 2514 ‘
553 2487 734 2550 optasseiitins
770 2487 839 2550 jecti
851 2485 953 2551 estote,’
966 2487 1050 2550 inquit
1065 2485 1091 2535 S.
1103 2485 1199 2534 Petras
1217 2483 1312 2546 Epist.e

205 2561 313 2614 Ordinis
334 2564 443 2612 salntem
454 2560 471 2612 ε’
489 2562 616 2613 Boiitbius
638 2569 733 2621 umen,
775 2576 795 2612 r.
804 2574 865 2625 cap.
882 2567 907 2612 t.
931 2561 1021 2611 ‘orani
1037 2561 1154 2608 bumana
1173 2565 1301 2607 creatura

204 2642 277 2686 ratas
296 2637 403 2687 aliorum
428 2637 456 2686 in
478 2652 506 2688 se
527 2643 663 2702 peccatam
685 2637 735 2687 sibi
775 2642 883 2700 propter
891 2635 994 2684 Deum:
1012 2636 1067 2684 sive
1078 2635 1142 2698 Regi
1154 2635 1227 2698 qnasi
1236 2648 1303 2697 pra·

203 2711 327 2762 nodare
336 2714 464 2776 peccandi
476 2715 620 2778 licentiam,
629 2713 637 2742 ‘
645 2711 717 2763 net'as
726 2713 740 2736 ’⁴
775 2710 879 2780 callenti
889 2726 897 2771 ;
914 2710 969 2758 sive
981 2709 1088 2758 dacibus
1097 2715 1218 2773 tanquam
1227 2709 1260 2757 ab
1270 2723 1301 2757 eo

204 2790 308 2852 potavit
327 2789 457 2846 sibl,‘vel
477 2791 621 2842 oeentnisse
640 2789 735 2840 verita·
775 2787 861 2837 missis
877 2785 911 2836 ad
933 2786 1075 2835 vindictam
1097 2783 1304 2849 malefactorum,

205 2865 277 2928 tem,'
287 2865 388 2915 attendo
398 2866 466 2916 bona
477 2882 535 2931 quoe
547 2867 574 2916 in
582 2867 681 2916 Senatu
690 2879 735 2916 no·
776 2862 879 2913 landem
891 2876 955 2912 vero
974 2861 1115 2912 bonoram:
1132 2861 1192 2926 qnia
1207 2861 1244 2910 sic
1260 2867 1303 2910 est

205 2951 292 3006 verat,
306 2944 315 2972 ⁸
326 2944 366 2993 eei
380 2944 537 2994 concessisse
554 2944 736 3010 mendacium*
777 2941 897 2989 voluntas
910 2937 965 2988 Dei
976 2974 983 2989 .
995 2971 1002 2987 .
1013 2972 1021 2989 .
1033 2937 1120 2987 Deum
1130 2938 1237 2987 timete:
1256 2939 1306 2987 Re·

205 3017 490 3084 immoderataeque
502 3019 535 3070 de
547 3022 645 3071 Senatu
656 3021 737 3085 tinge.
778 3030 837 3080 gem
855 3012 1045 3065 honorificate!
1078 3013 1155 3065 Quod
1166 3017 1253 3063 autern
1262 3014 1307 3063 hc·

206 3094 311 3148 mater.
343 3095 452 3158 Optime
463 3095 586 3145 Socrates
596 3097 666 3160 apud
677 3099 746 3148 Pla-2
777 3106 834 3156 nos,
845 3092 918 3156 enjus
929 3093 1052 3156 majestas
1063 3096 1105 3140 est
1115 3090 1232 3154 quaedam
1245 3104 1305 3154 pars

133 3182 134 3185 ’
208 3179 297 3223 torrent
307 3172 325 3222 t.
336 3184 375 3222 vr.
390 3170 423 3221 de
431 3170 533 3234 Repnb.
546 3172 738 3234 ‘oportetodis·
778 3170 833 3218 sive
842 3168 956 3232 species,
967 3167 1001 3217 sit
1016 3167 1176 3231 honorantis,
1187 3179 1315 3216 reveren-¹

207 3266 235 3303 ss
244 3253 415 3316 mendacium,
424 3248 534 3316 diligere
542 3249 697 3301 veritatem!
778 3243 816 3293 tta
826 3256 899 3306 vero,
907 3242 978 3291 cirea
988 3256 1066 3307 quam
1083 3242 1175 3293 eadem
1185 3243 1306 3308 majestas

242 3333 252 3360 ¹
269 3329 416 3389 velatam,
431 3338 460 3376 ne
476 3327 613 3376 mummia
624 3325 738 3390 demet,
777 3327 906 3384 versatur,
923 3320 1042 3370 honorati
1062 3321 1206 3387 principis;
1230 3333 1306 3386 prop·

209 3400 293 3461 esitus
314 3403 429 3452 Seruatum
444 3401 577 3464 majestatie
591 3415 668 3466 ream,
685 3402 737 3467 tra]
779 3406 853 3449 terea
872 3396 964 3447 Patre
980 3396 1114 3448 tinxerunt
1138 3397 1306 3462 MaJ‘sstatem

210 3473 475 3528 SecundamBoiitbit
492 3479 602 3544 crimen,
618 3477 689 3545 qaod
701 3485 739 3529 ta·
779 3473 936 3526 titiamesse
955 3473 1068 3524 Honoris
1084 3481 1112 3524 et
1122 3470 1305 3526 Reverentia:

209 3561 338 3599 mmcnm
351 3552 433 3613 primo
451 3555 490 3604 tta
509 3556 676 3621 conjunctam
691 3561 741 3620 est,
781 3551 841 3603 audi
869 3550 994 3602 Ovidium
1016 3551 1035 3600 l.
1052 3564 1080 3602 v.
1107 3551 1177 3600 rasa.
1199 3560 1237 3595 ss.
1263 3549 1306 3595 2³.

209 3623 267 3674 atsi
277 3622 341 3674 iliud
351 3626 450 3675 crimen
459 3642 510 3679 non
520 3631 741 3697 faerit,qoemad·
779 3632 894 3681 ‘Donec
921 3628 1014 3678 Honor
1038 3626 1191 3692 placidoque
1210 3623 1307 3674 decens

211 3698 315 3750 nidum
324 3699 423 3749 crimen
431 3714 483 3751 non
491 3702 572 3755 inisse
579 3706 679 3756 dtetnnr
691 3715 741 3770 est,
781 3704 940 3756 Reverentia
962 3706 1035 3754 vottn
1051 3704 1172 3766 Corpora
1184 3699 1308 3764 legitimis

210 3775 351 3828 booetius
365 3775 464 3826 crimen
476 3779 639 3842 nonpossit:
655 3797 741 3845 qnare
780 3782 926 3844 imposuere
944 3783 1017 3832 toris.
1051 3779 1121 3830 Hine
1135 3785 1194 3828 sata
1211 3777 1308 3844 Majes·

211 3849 420 3914 st‘iatebtmar,'
430 3850 517 3917 inquit
531 3853 669 3918 Boiithias,
678 3857 741 3908 ‘nos
783 3862 832 3920 tas,
841 3871 898 3922 qun
910 3858 1034 3909 mnndum
1051 3861 1180 3921 temperat
1189 3869 1291 3907 omnem
1301 3853 1323 3907 :⁴

212 3931 324 3983 votuisse
343 3928 468 3979 senatum
486 3943 544 3980 esse
561 3931 678 3993 sstvnor3
695 3933 741 3984 im·
781 3934 891 4000 Quaque
908 3936 951 3986 die
967 3942 1045 4002 parta
1061 3941 1102 3985 est
1118 3933 1199 3997 edita,
1216 3947 1310 4000 magna

214 4006 337 4074 perimet
358 4006 484 4058 delatoris
505 4021 587 4072 opera
608 4007 741 4060 cessabit!
781 4006 840 4058 fuit.
865 4009 1310 4075 Necmorsmomedttmedtosut·

213 4083 740 4153 Ses,mtocmntptstardteendomqute
782 4084 850 4136 limis
863 4087 988 4154 Olympo,
997 4085 1093 4153 Aurea,
1104 4102 1237 4154 purpureo
1248 4075 1308 4156 cpo-

214 4162 456 4234 messanamque!
468 4163 611 4230 majestatis
623 4162 739 4218 crimen?
781 4163 997 4230 spicieadssian:
1030 4161 1324 4231 consummatae·
