2790 4800
463 288 718 345 rnruosourrrru
745 287 816 337 uro.
841 287 865 337 r.
1162 268 1205 334 67

121 433 263 515 quisque
291 434 413 515 potuit,
443 433 667 500 abstulerunt.⁷
727 431 772 500 Et
799 431 939 497 dextero
953 432 1100 515 -quidem
1130 431 1212 515 ejus,

119 533 269 612 libellos,
294 543 461 619 sceptrum
476 555 553 601 vero
575 536 711 603 sinistre
732 537 911 617 gestabat.⁸
952 535 1041 615 Quae
1055 535 1114 598 ubi
1130 533 1211 617 pob-

577 701 755 723 conuentu

122 785 171 830 -7
187 781 322 833 Abstulerat
333 783 414 833 codex
424 784 572 834 Victorinus
581 782 770 833 secundus—8
787 782 868 831 Nullis
879 781 1101 840 remediissooerent
1116 781 1212 846 Delph.

612 901 723 953 NOTlE

122 1016 190 1066 ‘Est
206 1017 292 1080 enim,'
310 1019 395 1083 inquit
415 1025 503 1067 noster
525 1014 651 1064 Boeotus
692 1011 833 1077 phiautiiis
849 1020 888 1061 est
901 1012 933 1062 ad
953 1020 1055 1063 ceteras
1072 1013 1219 1079 disciplinae

124 1091 232 1142 Praeiat.
240 1093 267 1140 in
279 1094 407 1158 Porpyhr.
419 1094 427 1120 ‘
439 1092 601 1157 Philosophia
610 1106 653 1156 ge·
693 1087 873 1152 capessendas,
884 1094 912 1138 et
927 1088 960 1137 ad
976 1089 1103 1152 regendos
1114 1091 1222 1156 ammos,

125 1181 191 1216 nus:
219 1168 321 1230 speeies
341 1183 403 1217 vero
422 1169 477 1232 ejus
494 1168 568 1218 dou:
592 1183 653 1230 una,
693 1163 762 1229 qnod
773 1164 865 1213 libellis
882 1171 1038 1230 sceptroque
1053 1166 1220 1229 significatur.

123 1257 182 1307 quae
201 1243 326 1304 θεωρητικὴ
345 1242 455 1304 dicitur3
483 1245 573 1305 altera,
594 1259 652 1308 quse
694 1239 808 1288 Primum
817 1239 920 1303 quidem
928 1239 1092 1304 Philosophia
1100 1241 1221 1294 utilisest

123 1315 251 1380 πρακτικῆς
263 1316 289 1365 id
297 1324 346 1379 est,
353 1319 510 1383 speculativa
518 1319 653 1370 etacrive!
693 1314 726 1363 sd
745 1321 847 1364 ceteras
867 1315 1014 1380 disciplinas
1028 1319 1216 1381 capessendssr

125 1392 204 1441 Prior
214 1393 258 1440 illa
268 1394 375 1457 species,
385 1409 441 1459 qnae
453 1395 529 1444 litera
545 1401 566 1444 Θ
576 1396 653 1458 signi-
693 1397 820 1454 quatenns
841 1391 901 1439 hinc
921 1390 1011 1438 erroris
1030 1392 1137 1451 vitandi,
1158 1395 1219 1446 inde

124 1466 227 1525 ficator,
239 1467 265 1516 in
281 1483 352 1518 roera
367 1471 483 1520 veritatis
495 1471 652 1534 contempla·
693 1480 755 1515 vero
766 1465 882 1515 veritatis
897 1465 1057 1515 invenienda
1070 1469 1141 1533 leges
1153 1485 1219 1534 prae-

127 1543 217 1592 tione:
244 1545 368 1608 posterior
385 1552 482 1609 arrtem,
500 1561 558 1610 qna
579 1547 654 1595 litera
693 1541 802 1592 scribit:
827 1542 896 1591 nude
912 1541 1099 1605 Tullinssaepe,
1114 1543 1221 1594 ‘Phila

125 1625 157 1680 n,
173 1619 200 1668 in
211 1620 397 1671 exercitatione
416 1622 518 1671 virtutis
529 1628 654 1681 versatur,
694 1614 802 1680 tophi&
812 1616 905 1681 inquil,
923 1616 1054 1664 ‘omnium
1068 1620 1223 1668 mttersrtl·

126 1701 155 1743 nt
166 1694 243 1744 docet
254 1695 280 1744 S.
292 1693 360 1760 Aug.
372 1697 389 1745 l.
400 1711 464 1746 vrrs.
474 1696 507 1747 de
523 1696 578 1746 Cir.
587 1697 621 1746 D.
632 1711 656 1746 e.
695 1708 755 1742 um:
780 1694 967 1743 laudandorum
988 1695 1099 1744 omnium
1128 1696 1223 1746 artioni

126 1774 149 1817 4.
164 1770 207 1818 nbi
224 1770 381 1831 ‘Socrates,’
400 1771 495 1835 inquit,
511 1771 557 1818 ‘in
570 1771 657 1819 activa
696 1769 856 1832 procreatrix
866 1775 893 1817 et
903 1769 975 1833 qrrasi
986 1783 1094 1831 parens:
1121 1785 1169 1821 nec
1180 1785 1223 1820 re·

127 1847 277 1894 excelluisse
296 1853 460 1894 memoratur.
494 1846 656 1908 Pythagoras
697 1843 792 1893 rosine
811 1845 1018 1910 philosophorum
1033 1846 1167 1912 disciplina
1178 1863 1224 1913 ge·

128 1934 188 1967 vero
200 1921 281 1982 magis
292 1921 499 1982 contemplativae
507 1921 600 1984 quibus
612 1935 656 1985 po·
696 1925 781 1968 auset
798 1922 910 1984 specieru
921 1922 1043 1988 cujusque
1058 1924 1095 1972 rei
1107 1937 1223 1988 cernere,

129 1994 181 2042 tuit
201 1993 381 2055 intelligentiae
409 1995 504 2044 viribus
524 1996 655 2046 institisse·
694 2011 779 2061 neque
791 2012 846 2046 earn
858 1997 1005 2048 definiendo
1022 2001 1162 2065 explicare,
1173 2016 1222 2052 uec

130 2068 244 2118 Proinde
266 2070 345 2120 Pisto
366 2077 501 2136 utrumqne
521 2071 654 2136 jungendo
694 2071 809 2122 trihnere
819 2073 844 2122 lu
853 2080 941 2136 partes
949 2088 1090 2139 possumus,
1098 2090 1145 2126 nec
1152 2070 1221 2140 jodl-

130 2144 318 2207 Philosophiam
348 2145 487 2210 perfecisse
515 2148 655 2198 laudatur!
694 2162 755 2197 aare
766 2163 823 2212 qnae
835 2163 897 2198 vers
911 2164 968 2216 qnae
984 2149 1127 2214 falsarunt,
1137 2167 1222 2218 neqne

128 2219 242 2267 Tbeoria
252 2220 354 2285 quidem
370 2223 413 2271 ‘in
423 2237 550 2287 supremo,
561 2227 654 2276 Praxis
694 2238 801 2273 cernere
828 2226 1021 2288 consequentia,
1050 2228 1225 2288 repugnantia

129 2295 154 2344 iu
167 2301 284 2343 extremo
294 2297 408 2361 margine
418 2299 570 2363 legebatur,'
580 2301 657 2366 quod,
696 2297 794 2356 videre,
808 2297 929 2359 ambigna
947 2296 1106 2360 distinguere
1116 2299 1133 2347 ε’
1155 2301 1225 2362 quod

125 2369 218 2433 judice
228 2370 285 2434 ipso
296 2370 447 2436 Aristotele,
458 2376 660 2438 contemplativa
698 2371 870 2435 Philosophia
882 2370 993 2419 officinm
1010 2371 1131 2420 ‘libellis'
1148 2374 1227 2436 signi-

131 2451 240 2508 praestet
248 2453 377 2497 actuose:
396 2448 490 2511 gradus
498 2455 584 2498 tamen
592 2457 660 2511 sunt,
700 2443 812 2494 ficetur:
839 2445 980 2494 ‘libellus'
1001 2445 1068 2494 enlm
1098 2445 1226 2497 dicituro

129 2520 223 2584 quibus
240 2521 273 2571 sb
289 2536 341 2571 uua
362 2522 394 2572 ad
412 2524 520 2573 alteram
541 2538 660 2574 mucosus
700 2519 810 2571 ‘libers’
832 2521 930 2571 ‘liber’
948 2527 1045 2583 antem,
1064 2530 1167 2571 auctore
1178 2523 1227 2572 lei·

130 2595 176 2646 fiat
188 2605 215 2646 et
227 2597 377 2648 descensus:
401 2599 461 2664 qnia
472 2614 520 2649 neo
530 2598 659 2650 exercita·
701 2596 764 2644 doro
775 2596 818 2647 lib.
830 2611 866 2646 rr.
875 2611 899 2646 c.
912 2600 952 2645 12.
968 2598 976 2625 ‘
988 2604 1028 2645 est
1040 2597 1147 2647 interior
1158 2599 1225 2648 tuni-

129 2674 166 2721 tio
182 2673 284 2723 virtutis
300 2674 357 2723 sine
373 2676 490 2726 veritatis
500 2679 659 2741 contempla·
699 2672 854 2733 oacoruets,
864 2687 922 2736 quae
930 2673 1002 2735 ligno
1010 2674 1129 2734 cohaeret,
1138 2674 1165 2723 in
1176 2689 1226 2740 qna

129 2748 311 2811 tionepotest3
333 2764 381 2799 nec
397 2753 580 2815 contemplatio
593 2752 658 2801 veri·
699 2749 799 2813 antiqui
824 2747 997 2797 scribebant?
1028 2749 1095 2798 nude
1121 2749 1190 2798 Pliu.
1208 2751 1225 2799 l.

129 2823 188 2871 tatis
199 2824 254 2872 sine
265 2825 452 2874 exercitatione
468 2827 568 2875 virtutis
581 2827 660 2876 debet
699 2837 762 2872 xrrr.
779 2838 803 2872 c.
822 2827 862 2872 ll.
889 2823 937 2872 ‘ln
956 2823 1116 2887 palmarum,'
1135 2825 1228 2893 inquit,

132 2912 197 2946 esse.
236 2898 355 2946 'l'andem
385 2899 506 2946 ‘manns'
530 2903 660 2949 hominurn
700 2897 791 2946 ‘foliis
819 2898 901 2961 prirno
928 2901 1109 2963 scriptitatum,
1131 2901 1226 2951 deiude

131 2974 340 3035 ‘violentornm‚'
362 2975 406 3037 qni
428 2976 527 3024 scilicet
542 2977 661 3039 praecipi·
700 2973 860 3037 quarundam
880 2975 1000 3024 arborum
1011 2975 1101 3038 libris,'
1117 2977 1185 3041 qnod
1197 2985 1227 3026 et

133 3049 232 3098 tatione
250 3056 295 3097 aut
312 3049 465 3112 praejudicio
481 3052 663 3115 philosophati,
700 3050 867 3098 Cassiodorus
886 3051 982 3100 indicat
1001 3052 1019 3102 Ι.
1038 3063 1070 3100 ιι.
1090 3051 1152 3100 Var.
1175 3053 1227 3113 Ep.

133 3138 217 3189 neque
235 3123 338 3173 veritati
356 3124 559 3186 considerandae,
577 3132 660 3190 neqne
699 3129 739 3174 88.
751 3126 794 3174 nbi
805 3125 838 3174 de
848 3127 955 3176 charta:
973 3141 1006 3175 err
1015 3139 1066 3189 quo
1077 3123 1176 3173 facturn
1187 3131 1229 3176 est

132 3199 223 3248 virtuti
239 3199 391 3248 exercendae
406 3201 568 3265 studuerunt,
585 3217 661 3252 voces
700 3209 729 3250 nt
747 3202 814 3251 liber
834 3209 861 3250 et
880 3202 980 3250 libellus
996 3215 1029 3248 ea
1047 3197 1230 3261 significarent,

133 3273 319 3336 philosophicas
328 3274 507 3340 pertitnenat,
516 3285 542 3327 et
561 3278 659 3341 ‘parti-
700 3293 758 3342 quae
771 3279 797 3326 in
808 3277 839 3325 iis
850 3278 948 3339 scripta
955 3275 1159 3323 continerentur.
1176 3275 1228 3324 De·

133 3351 214 3411 colos,
231 3364 295 3414 quas
313 3351 420 3416 quisque
438 3355 531 3416 potuit,
548 3354 659 3404 abstule-
700 3351 862 3401 indeeadern
873 3349 1043 3411 Philosophia
1061 3347 1131 3396 utilis
1147 3350 1228 3402 estad

132 3425 199 3475 unt?
207 3427 281 3474 Rom.
293 3440 313 3475 ι.
325 3429 333 3456 ⁶
345 3427 397 3477 Qui
408 3443 464 3475 curn
477 3429 660 3490 cognovissent
702 3427 830 3490 regendos
841 3425 953 3473 animos:
978 3421 1055 3470 aninri
1072 3423 1168 3488 quippe
1188 3440 1228 3476 re-

134 3504 228 3563 Deum,
246 3516 297 3550 non
315 3503 385 3551 sicut
403 3502 487 3550 Deum
504 3501 662 3564 glorificare·
703 3496 972 3564 gunturcnmsedatia
983 3500 1228 3567 perturbationibus,

134 3584 200 3641 root,
211 3585 258 3628 aut
270 3578 367 3642 gratiss
377 3583 495 3640 egerunt,
511 3577 556 3625 sed
569 3590 663 3625 erano·
704 3583 757 3626 torn
772 3576 884 3625 veritate
901 3577 1015 3640 detecta,
1033 3579 1124 3644 quibus
1138 3582 1227 3633 Philo·

134 3657 240 3705 aruntio
252 3653 452 3719 cogitationibus
462 3655 524 3716 auis,
534 3660 562 3704 et
573 3654 662 3704 ohscn·
703 3652 795 3715 sophia
813 3657 904 3701 vacat:
928 3652 996 3714 hinc,
1006 3661 1037 3704 ut
1053 3665 1144 3720 postes
1157 3661 1228 3712 dico·

136 3741 219 3782 nium
235 3739 277 3782 est
295 3732 418 3795 insipiens
438 3747 484 3781 cor
499 3747 602 3782 ssorumg
623 3732 662 3782 di.
704 3734 754 3790 thr,
776 3727 855 3777 Pinio
871 3728 959 3778 docuit
980 3738 1033 3780 illm
1057 3733 1146 3785 bealae
1172 3738 1229 3787 tore

135 3809 300 3858 eentesenirn
317 3823 345 3858 se
364 3822 420 3857 esse
439 3809 579 3872 sapientes,
590 3809 662 3859 stulti
703 3804 871 3869 respublicas,
887 3821 945 3855 cunr
964 3814 1009 3856 ant
1030 3808 1179 3874 Philosophi
1191 3826 1229 3858 re·

136 3882 200 3931 facti
210 3885 285 3934 sunt!
703 3887 804 3945 gerent,
815 3886 859 3931 aut
872 3883 955 3946 Reges
973 3883 1231 3948 philosopharentur:
1304 3945 1309 3954 .

170 3965 182 3998 ⁸
204 3959 616 4024 Dextera...llbellos...sceptrron
631 3961 662 4009 si·
703 3956 770 4020 quod
794 3957 900 4006 alterunr
921 3957 1096 4019 Philosophia
1118 3954 1231 4006 officium

137 4033 340 4095 sistrogestobat]
367 4048 405 4084 rr.
421 4036 540 4100 Denique
549 4037 662 4086 Philoso-
702 4033 711 4061 ⁴
734 4032 855 4096 soeptro'
883 4031 1061 4094 significaturr
1099 4034 1230 4091 sceptrum

137 4107 208 4172 phiar
220 4106 288 4155 Usus
298 4109 461 4171 proponitur:
479 4124 536 4158 narn
547 4110 664 4160 Philoso·
703 4109 772 4158 eninr
788 4107 891 4169 imperil
906 4106 1007 4167 signum
1024 4109 1065 4150 est
1073 4118 1088 4149 z·
1097 4101 1164 4152 unde
1183 4103 1230 4154 Lu·
