2790 4800
160 268 203 331 54
480 280 713 331 rnsrrucum
739 281 939 334 vnnronunr

204 424 257 487 De
272 418 410 486 Musica
424 423 484 488 lib.
501 440 532 485 v.
557 422 737 486 ‘Omnium
753 424 887 506 quidem
902 418 1099 509 perceptio?

201 524 254 587 De
289 523 528 606 Philosophica
564 522 800 589 Consolatione
830 526 888 589 lib.
917 544 952 589 v.
987 527 1166 591 ‘Carmina
1194 527 1252 610 qui

158 621 347 706 quondam?-

201 723 240 786 In
265 722 512 787 Geometricam
539 725 691 791 Euclidis
714 728 851 791 lib.111.
886 727 978 805 ‘Qui
998 748 1091 806 vero,
1115 730 1161 792 mi
1186 730 1252 793 Pa·

159 823 249 889 triti?

201 926 255 990 De
272 925 461 1010 Disciplina
478 927 742 1004 Scholarium,ut
757 928 860 1010 aliqui
878 927 1004 1004 volunt,
1019 929 1078 991 lib.
1095 945 1118 990 1.
1143 928 1251 991 ‘Ves-

158 1026 231 1091 tra'
275 1027 439 1108 Indignus
452 1036 506 1091 est
519 1028 577 1091 ille
590 1029 684 1104 liber,
696 1031 754 1111 qui
777 1036 872 1093 tanto
894 1029 965 1093 viro
991 1029 1160 1106 tribuatur,
1187 1048 1250 1092 nec

157 1129 258 1191 ctiam
274 1129 366 1191 docti
377 1128 463 1192 hunc
476 1127 622 1192 Boiithio
637 1129 791 1192 tribuunt.

200 1230 254 1292 De
269 1229 370 1292 Locis
386 1230 580 1294 Rhetoricis
591 1231 647 1293 lib.
664 1246 688 1292 1.

199 1330 252 1393 De
268 1329 514 1395 Praedicatione
531 1331 717 1407 Potestatis
731 1331 791 1397 lib.
806 1348 828 1396 ι.

199 1432 427 1513 Epistolarum
442 1434 487 1496 ad
498 1433 661 1496 Diversos
675 1433 733 1495 lib.
750 1449 774 1494 1.

196 1531 276 1597 Alia
290 1554 426 1617 quoque
439 1533 599 1597 nonnulla
612 1533 792 1613 scripsisse
807 1533 946 1597 dicitur:
958 1533 1020 1596 sed
1035 1533 1079 1596 ad
1094 1534 1249 1597 notitiam

154 1654 264 1699 meam
278 1655 344 1699 non
358 1642 528 1700 venerunt.
572 1633 716 1697 Moritur
737 1634 853 1697 eodem
876 1654 973 1710 anno,
1002 1653 1070 1716 quo
1093 1635 1246 1715 Symma-

155 1737 238 1801 chus
254 1738 433 1815 PatriciuS,
454 1745 489 1800 et
510 1736 532 1801 J
535 1755 658 1800 oannes
689 1736 789 1818 Papa
802 1738 864 1799 sub
889 1733 1072 1799 Anastasio
1096 1734 1248 1816 Impera·

154 1845 236 1914 tore,
246 1838 342 1920 jussu
356 1838 560 1901 Theudorici
576 1837 680 1918 Regis
693 1837 736 1900 ad
752 1837 946 1901 Ravennam
959 1842 1037 1920 post
1052 1837 1250 1899 diuturnum

153 1939 288 2000 exilium
304 1937 337 1998 in
354 1956 487 1999 carcere
497 1937 682 2018 jugulatus,
698 1937 794 2000 Anno
814 1938 947 2000 Domini
964 1953 1101 2000 nxxrv.
1124 1937 1247 2000 lndict.

153 2039 184 2102 2.
200 2047 234 2101 et
249 2037 312 2101 sub
325 2037 458 2099 nomine
471 2035 622 2100 Severini
638 2035 801 2117 eatalogo
821 2038 1021 2102 Sanctorum
1037 2040 1182 2102 insertus
1198 2039 1248 2102 di·

154 2137 260 2203 citur!

678 2254 729 2318 ΙΙ.

196 2377 308 2442 Julius
322 2374 438 2439 Caesar
449 2373 605 2454 Scaliger,
619 2374 671 2436 vir
684 2373 717 2436 in
732 2373 919 2455 Republica
933 2374 1080 2438 literaria
1100 2377 1246 2440 celeber-

152 2481 264 2556 rimus,
291 2477 468 2542 Boethium
494 2474 684 2556 saepissime
712 2473 842 2538 laudat:
874 2482 911 2538 ut
936 2475 970 2537 in
995 2474 1245 2558 Hypercritico,

153 2578 311 2641 ‘Boethii
335 2575 507 2653 Severini,'
530 2576 649 2657 inquit,
675 2575 885 2656 ‘ingenium’
904 2578 964 2639 &a
986 2575 1079 2657 [Vid.
1106 2575 1243 2639 Praefat.

152 2677 256 2741 Bertii
273 2696 346 2757 sup.
360 2698 393 2759 p.
405 2677 474 2757 29]
521 2676 610 2741 Hinc
626 2675 714 2738 idem
736 2676 885 2758 Scaliger
899 2677 941 2738 de
964 2675 1081 2737 eodem
1100 2673 1245 2738 Boethio

152 2778 253 2854 canit,
266 2778 300 2839 in
316 2777 434 2841 Divis:
536 2797 538 2801 ’

237 2934 372 2997 Divinae
387 2953 560 3000 enumeres
575 2939 728 3020 ingentia
738 2940 868 3003 semina
878 2939 1015 3004 mentis:

280 3034 425 3097 Dotibus
441 3037 605 3100 accedant
620 3037 733 3114 Curia,
747 3040 871 3121 lingua,
886 3042 985 3105 lares.

237 3136 339 3201 Haud
356 3136 438 3198 satis
452 3142 521 3197 est:
544 3154 677 3217 appone
693 3139 820 3219 polum,
832 3160 911 3224 pars
925 3159 1001 3203 esse
1016 3140 1140 3205 Boethi

280 3237 451 3320 Coeperit:
475 3240 510 3299 at
523 3235 669 3299 nondum
684 3258 822 3304 munera
832 3245 903 3304 tota
919 3240 1025 3321 capis.

662 3430 730 3493 111.

192 3565 301 3629 Lilius
311 3566 491 3647 Gregorius
501 3566 682 3648 Gyraldus,
695 3568 796 3631 etiam
806 3568 893 3629 inter
903 3565 1024 3629 doctos
1038 3563 1241 3641 notissimus,

149 3665 325 3732 Boethium
353 3667 477 3746 pariter
503 3670 641 3731 summis
673 3668 827 3733 laudibus
862 3664 1006 3740 extollit,
1032 3662 1074 3723 de
1100 3661 1238 3727 Po'etar.

147 3770 278 3835 Histor.
295 3764 384 3827 Dial.
400 3768 432 3828 5.
468 3764 486 3799 '‘
498 3767 588 3844 Sed,'
603 3771 719 3851 inquit,
736 3765 856 3848 ‘hujus
877 3763 989 3827 aetatis
1014 3761 1099 3824 alios
1122 3762 1240 3828 affera-

145 3891 232 3946 mus,
248 3884 332 3950 quos
347 3867 431 3928 inter
446 3867 613 3932 Boethius
625 3867 767 3931 Anicius
788 3864 940 3927 Manlius
956 3862 1147 3940 Severinus,
1169 3864 1240 3930 Ro-

145 3990 261 4037 manus
287 3963 452 4039 Petrinus
477 3973 509 4031 et
532 3970 704 4046 exconsul,
728 3968 785 4051 qui
812 3963 835 4029 'a
861 3963 985 4028 nostris
1008 3963 1179 4049 plerisque
1204 3969 1239 4033 in

144 4071 326 4155 Martyrum
356 4068 519 4152 Catalogo
547 4071 727 4135 ascribitur.
773 4067 842 4133 Hic
869 4084 947 4131 cum
969 4064 1183 4149 Symmacho,
1204 4075 1239 4132 et
