2790 4800
364 288 413 335 nn
438 286 599 335 nossem
624 286 669 332 nu
694 283 786 336 nius
808 283 990 335 scurnum.
1183 271 1226 334 41

135 445 380 527 complecteris,
393 451 426 510 et
440 444 599 528 quicquid
622 445 747 509 viritim
768 444 978 509 distributum
996 448 1126 526 poterat
1140 446 1225 510 satis

136 565 227 623 esse,
244 545 363 611 avidus
385 549 601 611 maximarum
623 565 732 610 rerum
757 565 933 629 possessor
947 545 1102 609 includis.
1147 546 1225 612 Elo-

137 647 304 728 quentiam
316 647 486 725 Veterum,
498 648 574 711 dum
591 649 745 725 imitaris,
759 665 954 730 exsuperas.
999 647 1143 711 Dicendi
1157 648 1225 713 tor·

137 766 225 811 marn
248 748 448 814 doctissimis
473 749 607 825 tribuis,
635 749 715 812 dum
751 751 903 831 requiris.
967 748 1024 812 Est
1052 749 1142 830 apud
1172 771 1225 815 me

136 845 296 928 Epistolae
321 856 450 928 vestrae,
476 870 554 933 quae
583 849 682 932 hujus
711 849 760 911 rei
781 848 881 912 fidem
899 849 1015 925 faciat,
1040 853 1226 916 veneranda

14 1004 18 1009 .
136 951 348 1032 compositio.
394 951 534 1014 Utinam
558 967 635 1029 quae
657 967 679 1010 a
699 948 799 1010 vobis
816 948 1010 1029 diriguntur,
1025 956 1095 1011 tarn
1111 960 1225 1015 essent

136 1051 251 1114 crebra
261 1071 360 1132 quarn
372 1050 510 1113 suavia!
534 1048 669 1110 Dicatis
680 1047 830 1124 forsitan,
845 1047 990 1111 Parfuit
1003 1051 1226 1132 propinquum

136 1149 285 1227 laudare,
301 1153 338 1213 in
367 1167 544 1213 commune
573 1154 788 1228 augmentum
814 1148 1033 1214 laborantem:
1056 1151 1136 1234 quia
1159 1170 1224 1214 non

136 1255 189 1312 est
203 1251 385 1333 proprium,
400 1250 491 1333 quod
505 1251 604 1333 quasi
620 1250 825 1332 singulariter
840 1250 973 1316 videtur
985 1252 1134 1335 palmata
1149 1272 1230 1317 cou-

138 1349 237 1414 serre.
283 1350 383 1415 Venit
398 1352 441 1417 ad
463 1371 516 1414 me
532 1350 687 1434 equidem
698 1352 809 1434 portio
820 1352 861 1415 de
871 1353 1000 1432 curuli3
1023 1353 1083 1417 sed
1099 1355 1130 1427 si
1144 1353 1227 1418 mibi

140 1453 338 1531 conceditis,
353 1455 428 1536 plus
450 1454 560 1536 erigor
580 1453 622 1516 de
643 1455 740 1537 genio
767 1460 803 1517 et
825 1453 946 1518 studiis
961 1455 1140 1519 sublimati.
1167 1456 1226 1519 lna

138 1553 266 1617 terdum
280 1563 496 1620 accesserunt
515 1556 585 1621 ista
606 1556 648 1620 de
674 1557 824 1634 casibus,
847 1557 911 1620 soli
934 1559 1144 1637 contigerunt
1167 1557 1229 1621 illa

136 1654 260 1720 virtuti.
291 1657 401 1741 Prope
417 1661 517 1740 inops
533 1659 576 1722 ad
592 1659 776 1741 scipionem
787 1659 966 1722 adducitur
980 1657 1129 1738 suffragii
1140 1657 1229 1720 Con-

139 1753 269 1834 sularis,
284 1761 481 1841 quitantum
497 1761 538 1823 de
553 1760 748 1841 parentibus
762 1761 928 1840 gloriatur.
959 1759 1037 1823 Tibi
1053 1765 1228 1841 utrumque

139 1851 173 1915 in
188 1858 323 1936 peculio
336 1863 399 1936 est,
414 1860 557 1923 Latiaris
568 1859 721 1935 scientia,
731 1867 766 1923 et
777 1880 861 1927 vena
871 1860 1110 1944 purpurarum?

646 1988 713 2089 '11.

186 2154 420 2236 Cassiodorus,
435 2159 493 2242 qui
516 2159 769 2242 intelligentiam
796 2179 967 2225 sacromm
992 2182 1069 2226 cum
1092 2163 1231 2226 notione

142 2257 363 2338 profanorum,
383 2266 555 2344 utramque
583 2282 661 2326 cum
686 2281 816 2325 summa
837 2264 1018 2326 sanctitate
1041 2263 1231 2344 conjunxit,

142 2360 272 2422 nomine
286 2361 392 2442 Regis
412 2362 628 2437 Theudorici,
655 2362 753 2443 cujus
777 2360 1005 2423 cancellarius
1022 2367 1101 2433 erat,
1117 2363 1233 2443 plures

143 2461 187 2525 ad
218 2460 398 2525 Bo'e'tbium
426 2463 518 2525 misit
554 2461 735 2545 Epistulas.
793 2460 868 2524 Una
896 2467 950 2524 est
979 2461 1233 2543 quadragesima

142 2563 256 2645 quinta
271 2564 345 2627 libri
369 2564 467 2646 primi
490 2564 718 2648 Epistularum
732 2559 942 2640 Cassiodori,
956 2564 1072 2643 sicque
1088 2562 1231 2645 effertur,

227 2667 400 2732 ‘Boethio
416 2668 487 2732 viro
503 2665 622 2731 illustri
638 2664 784 2729 Patricio
800 2665 1032 2729 Theudoricus
1045 2664 1132 2730 Rex.

184 2766 404 2849 ‘spernenda
426 2788 494 2832 non
520 2774 606 2844 sunt,
624 2786 700 2848 quae
724 2785 746 2828 a
768 2766 889 2829 vicinis
903 2765 1056 2847 Regibus
1072 2787 1232 2849 pressum·

141 2868 244 2932 tionis
267 2872 374 2949 gratia
388 2871 617 2951 postulantur:
640 2869 721 2932 dum
735 2869 932 2952 plerumque
952 2887 1004 2932 res
1025 2889 1140 2951 parvae
1156 2871 1233 2954 plus

142 2970 325 3049 praevalent
337 2974 509 3051 praestare,
518 2989 620 3052 quam
635 2988 764 3049 magnae
775 2976 916 3051 possunt
931 2971 1082 3035 obtinere
1092 2972 1233 3038 divitius.

146 3067 352 3150 Frequenter
363 3070 450 3132 enim
463 3070 553 3153 quod
568 3090 662 3135 arma
670 3071 808 3154 explere
823 3079 1000 3156 nequeunt,
1009 3073 1235 3138 oblectamina

145 3171 322 3234 suavitatis
337 3172 523 3254 imponunt.
568 3173 622 3239 Sit
642 3193 721 3256 ergo
743 3194 805 3258 pro
827 3173 1017 3258 Republica
1039 3181 1073 3236 et
1095 3194 1170 3236 cum
1183 3173 1235 3236 lu-

145 3271 221 3334 dere
249 3273 420 3340 uidemur:
450 3297 529 3342 nam
553 3279 630 3343 ideo
660 3279 867 3361 voluptuosa
895 3275 1086 3358 quaerimus,
1113 3279 1150 3335 ut
1177 3293 1236 3356 per

143 3374 232 3456 ipsa,
247 3377 335 3440 scria
356 3381 602 3467 compleamus.
625 3379 899 3459 Burgundionum
921 3373 1089 3450 dominus,
1108 3376 1168 3439 &a
1188 3375 1236 3440 lu·

144 3478 232 3543 mine
264 3479 472 3561 cognovisti:
507 3477 603 3559 [Vid.
632 3476 768 3542 Praesat.
790 3476 897 3538 Bertii
922 3493 997 3556 sup.
1021 3495 1055 3556 p.
1074 3476 1141 3557 19.]
1178 3478 1235 3545 cui

146 3581 251 3645 ardua
279 3600 381 3646 nosse
409 3600 493 3644 usus
528 3580 699 3655 miracula,
726 3583 909 3643 monstrare
939 3579 1145 3660 propositum
1172 3586 1234 3658 est,

144 3683 278 3747 molitur
294 3682 482 3761 ostendere,
504 3681 597 3765 quod
620 3681 864 3763 obstupescant
890 3680 1039 3744 homines
1061 3683 1235 3746 evenisse:

144 3785 294 3867 miroque
308 3785 410 3850 modo
427 3787 553 3850 naturis
576 3785 746 3850 conversis
767 3785 850 3849 sacti
875 3783 1017 3849 detrabit
1031 3784 1142 3862 tidem,
1159 3801 1237 3846 cum

147 3890 293 3951 ostentet
311 3908 352 3952 ex
369 3889 478 3953 oculis
493 3890 668 3953 visionem.
714 3888 811 3953 Facit
825 3908 931 3971 aquas
956 3888 1084 3950 eximo
1101 3898 1238 3961 surgen·

150 3989 211 4059 tes,
224 3990 417 4072 praecipites
437 3991 580 4070 cadere3
601 3992 713 4073 ignem
727 3990 933 4072 ponderibus
956 4003 1098 4055 currere,
1115 3997 1238 4058 organa

150 4087 319 4148 extraneis
337 4092 475 4153 uocibus
492 4091 663 4173 insonare3
684 4096 718 4155 et
731 4091 915 4172 peregrinis
936 4085 1074 4149 flatibus
1090 4081 1236 4145 calamos
