2790 4800
145 263 189 326 44
464 273 696 322 rusrruoum
722 273 924 323 vnaronun

144 418 328 484 hermenias
349 435 452 498 supra
473 423 676 480 memoratus
703 413 873 480 Patricius
889 415 1051 481 Bo'dthius
1071 417 1237 483 transtulit

144 524 179 584 in
194 521 363 596 Latinum,
395 520 493 602 cujus
517 521 707 582 commenta
733 518 807 599 ipse
839 517 990 600 duplicia
1017 517 1239 581 minutissima

145 621 371 702 disputatione
409 619 595 684 tractavit.
618 661 657 680 ..
702 616 813 700 Supra
837 625 1040 688 memoratus
1071 616 1239 681 Patricius

145 722 313 786 Boethius
344 722 386 787 de
421 721 633 804 Syllogismis
665 718 906 802 Hypotheticis
932 719 1138 783 lucidissime
1165 736 1238 800 per-

144 824 320 902 tractavit,'
335 827 395 888 &c

661 971 729 1036 III.

189 1124 390 1207 Procopius,
403 1124 620 1189 Caesariensis
634 1143 678 1189 ex
690 1125 886 1201 Palaestina,
899 1124 1010 1195 rhetor
1023 1129 1055 1187 et
1070 1121 1235 1205 sophista,

144 1227 233 1290 inter
260 1227 371 1290 varias
396 1247 481 1293 ¹suas
517 1226 674 1295 historias
701 1226 838 1308 scripsit
865 1226 1021 1291 debello
1046 1224 1235 1289 Gothorum

144 1326 249 1390 libros
265 1334 343 1404 tres,
363 1329 398 1390 in
415 1349 555 1410 quorum
570 1331 677 1412 primo
691 1328 784 1415 quod
800 1328 921 1394 Graece
931 1328 1020 1395 dixit
1039 1327 1081 1390 de
1092 1323 1235 1390 Boiithio

145 1428 194 1490 sic
210 1428 328 1491 Latine
347 1428 505 1493 redditur.

189 1530 430 1611 ‘Symmachus
444 1536 477 1596 et
498 1530 571 1613 ejus
587 1550 685 1610 gener
694 1530 860 1597 Boethius
878 1530 1028 1606 Patricii,
1044 1531 1114 1594 alto
1130 1529 1239 1612 majo-

145 1649 217 1693 rum
233 1632 405 1712 sangnine,
419 1632 589 1714 principos
601 1650 681 1694 uero
691 1631 840 1697 Senatus
853 1631 1011 1707 Romani,
1022 1638 1058 1695 et
1068 1628 1236 1695 Consules

144 1730 248 1812 fuere,
265 1733 483 1816 philosophiae
502 1740 536 1799 et
557 1735 710 1817 aequitati
726 1753 827 1817 snpra
841 1740 966 1799 ceteros
992 1731 1150 1797 mortales
1166 1737 1237 1797 stu-

146 1832 297 1910 duerant,
322 1836 501 1918 multisque
527 1837 652 1918 egenis,
681 1842 749 1903 tum
777 1837 1004 1901 Romanorum
1033 1841 1103 1898 turn
1128 1838 1238 1898 exter-

144 1955 272 2015 norum,
288 1941 407 2022 opibus
430 1942 501 2004 suis
524 1942 720 2004 subvenere.
765 1940 827 2017 Hi,
850 1940 892 2003 ad
911 1941 1079 2020 ingentem
1101 1936 1237 2016 gloriam

145 2039 266 2114 evecti,
290 2040 486 2107 deterrimos
512 2060 666 2123 quosque
687 2042 721 2106 in
743 2042 796 2107 sui
819 2039 981 2106 inuidiam
1011 2040 1239 2107 concitarunt:

147 2138 271 2219 quibus
286 2140 488 2206 delatoribus
502 2141 730 2208 Theodoriana
754 2141 831 2207 Rex
845 2161 1035 2224 persuasuS,
1058 2142 1148 2205 viros
1173 2140 1241 2204 cla-

146 2240 296 2305 rissimos
312 2244 445 2325 perinde
461 2264 501 2309 ac
516 2263 568 2308 res
579 2261 686 2308 novas
701 2243 876 2306 molientes
896 2242 1032 2319 occidit,
1057 2263 1240 2326 eorumque

146 2342 237 2408 bona
252 2346 361 2409 omnia
375 2346 571 2429 publicavit.
615 2343 680 2410 Sed
707 2344 827 2428 paucis
844 2349 924 2426 post
948 2344 1067 2411 diebus
1090 2345 1240 2409 coenanti

144 2444 194 2510 illi
210 2468 285 2512 cum
300 2450 439 2530 ingentis
454 2448 560 2529 piscis
580 2452 683 2528 caput
708 2445 851 2509 ministri
876 2447 1126 2528 apposuissent,
1151 2446 1238 2510 illud

146 2546 357 2612 Theoderico
374 2549 481 2611 visum
498 2553 550 2609 est
564 2552 668 2628 caput
692 2564 769 2609 esse
785 2545 975 2628 Symmachi
1000 2567 1106 2628 nuper
1120 2547 1239 2622 occisi,

147 2645 301 2710 dentibus
325 2649 460 2731 quidem
483 2650 518 2712 in
543 2647 682 2711 inferius
697 2649 829 2712 labrum
843 2648 1010 2729 impactis
1035 2647 1141 2711 oculis
1156 2667 1238 2711 vero

146 2752 240 2808 torve
256 2754 291 2810 et
305 2748 478 2815 furibunde
499 2751 707 2814 intuentihus
730 2751 849 2815 minari
873 2750 937 2812 sibi
953 2745 1131 2832 plurimum
1145 2749 1240 2813 vide-

145 2847 252 2909 batur.
314 2847 411 2911 Unde
437 2852 583 2933 prodigii
612 2851 762 2917 novitate
791 2852 995 2935 perterritus,
1018 2850 1240 2931 membrisque

146 2948 423 3028 praetermodum
437 2954 672 3019 tremebundus
698 2961 734 3019 et
756 2953 905 3032 horrens,
930 2954 966 3019 in
990 2953 1114 3019 lectum
1136 2953 1240 3019 citato

150 3047 255 3130 gradu
271 3067 309 3111 se
322 3051 461 3133 recepit,
476 3054 725 3138 identidemque
748 3055 814 3120 sihi
830 3062 979 3138 togarum
994 3055 1063 3120 vim
1087 3074 1240 3137 magnam

149 3154 250 3236 ingen'
271 3150 422 3237 jubendo
451 3153 590 3236 paulum
619 3157 755 3236 quievit.
813 3155 950 3240 Elpidio
970 3155 1090 3221 deinde
1108 3157 1241 3226 medico

148 3258 315 3333 omnihus,
334 3254 616 3338 quemadmodum
640 3260 853 3336 accidissent,
878 3257 1072 3340 explicatis,
1095 3259 1130 3323 in
1145 3259 1241 3344 Sym·

148 3360 302 3423 mochum
320 3358 568 3442 Boethiumque
581 3365 750 3443 patratum
767 3383 788 3427 a
803 3381 840 3426 se
856 3361 968 3425 scelus
984 3359 1147 3435 deflebat;
1174 3382 1241 3447 quo

148 3454 291 3540 denique
319 3458 494 3542 deplorato
521 3481 564 3525 cx
590 3469 734 3544 accepta
756 3463 948 3532 calamitate
971 3462 1087 3527 dolore
1113 3463 1241 3543 ingenti

148 3554 299 3634 affectus,
323 3560 412 3626 haud
438 3562 537 3644 longe
567 3569 647 3645 post
667 3565 832 3631 moriturz-
853 3584 929 3628 oum
954 3565 1095 3646 primum
1119 3563 1183 3627 hoc
1208 3571 1242 3631 et

150 3655 298 3721 ultimum
313 3658 442 3741 injuriae
455 3665 646 3745 exemplum
668 3667 703 3729 iu
727 3665 791 3729 sibi
813 3665 985 3748 subjectos
1004 3663 1131 3729 idcirco
1145 3683 1241 3735 excr-

152 3757 288 3836 cuisset,
304 3760 383 3842 quia
396 3780 476 3839 nou,
499 3765 549 3828 uti
574 3772 803 3843 consueverat,
828 3766 1003 3849 diligenter
1016 3765 1241 3847 pervestigata

151 3879 269 3936 causa,
284 3860 320 3923 in
333 3867 446 3927 tantos
457 3864 548 3930 viros
563 3867 865 3937 animadverterat?

193 3963 287 4029 Idem
316 3969 431 4028 auctor
455 3966 539 4031 libro
564 3973 662 4037 tertio
692 3970 863 4055 praedictae
892 3968 1043 4034 historiae
1068 3970 1111 4035 de
1135 3990 1240 4037 uxore

154 4067 289 4135 Bodthii
304 4069 483 4150 superstite
498 4070 632 4141 locutus
647 4075 721 4140 haec
735 4074 802 4138 ait:
824 4071 942 4139 ‘Unde
949 4073 1004 4140 vel
1018 4071 1241 4151 Rusticiana,
