2790 4800
369 294 417 343 on
441 285 600 341 nonrrrro
626 295 670 341 nr
696 294 785 342 erus
808 288 985 348 scarrrrs.
1188 276 1231 339 43

129 436 218 521 quod
241 437 328 502 coelo
350 441 508 505 volvitur:
532 447 562 504 et
585 440 705 504 audaci
721 442 960 523 praesumtione
985 441 1150 522 concepta
1174 445 1229 502 ars

129 540 304 604 elementis
328 542 464 618 confert,
490 543 579 625 quod
604 545 741 625 originis
765 543 914 607 conditio
936 541 1125 622 denegavit,
1154 543 1227 605 nni*

128 662 235 706 versae
252 642 438 726 disciplinae
455 653 593 709 cunctus
613 645 821 726 prudentium
842 644 937 708 labor
958 649 1085 707 naturae
1105 652 1226 727 poten·

130 743 224 817 tiam,
255 749 294 805 ut
316 751 443 808 tantum
464 745 596 828 possint
621 766 733 823 nosse,
760 746 929 828 perquirit.
989 744 1221 812 Mecbanisma

127 845 235 907 solum
252 852 313 922 est,
335 847 427 928 quod
449 848 542 910 illam
563 866 607 908 ex
623 846 797 908 contrariis
819 846 948 925 appetit
966 844 1111 907 imitari:
1141 855 1175 909 et
1191 849 1221 910 si

126 945 177 1008 sas
198 954 251 1010 est
272 948 382 1012 dicere
408 949 442 1010 in
466 946 668 1028 quibusdam
691 945 791 1006 etiam
816 944 933 1006 nititur
945 944 1037 1035 uelle¹
1054 963 1221 1025 superare.

125 1047 205 1111 Hoc
235 1050 325 1112 enirn
355 1049 478 1111 fecisse
509 1047 710 1126 dignoscitur
740 1044 920 1109 Daedalum
951 1045 1076 1109 volare.
1143 1047 1223 1111 Hoc

128 1146 479 1228 ferreumcupidinem
493 1147 527 1208 in
543 1146 662 1209 Dianae
676 1146 800 1228 templo
811 1147 882 1208 sine
893 1146 1007 1228 aliqua
1020 1148 1213 1228 alligatione

123 1247 278 1328 pendere.
325 1247 403 1309 Hoc
417 1246 513 1309 bodie
532 1247 612 1310 facit
626 1254 717 1311 muta
738 1252 884 1324 cantare,
907 1249 1080 1313 insensata
1097 1249 1222 1326 vivere,

124 1345 310 1410 immobilia
333 1347 468 1410 moveri.
513 1347 746 1424 MechanicuS,
771 1349 800 1410 si
822 1348 873 1412 sas
901 1358 953 1413 est
979 1351 1097 1428 dicere,
1121 1369 1219 1435 paene

124 1446 239 1509 socius
264 1453 317 1509 est
336 1452 482 1526 naturae3
520 1449 653 1513 occulta
676 1469 851 1529 reserans;
885 1451 1060 1515 manifesta
1082 1471 1219 1517 conver-

123 1555 204 1625 tenS,
218 1547 386 1612 miraculis
403 1550 519 1613 ludens
531 1571 539 1631 ;
552 1551 610 1614 ita
628 1550 766 1632 pulchre
781 1551 956 1628 simulans,
971 1558 1009 1614 ut
1026 1553 1115 1633 quod
1128 1573 1218 1615 com-

121 1651 266 1731 positum
281 1669 348 1713 non
363 1653 550 1734 ambigitur,
566 1653 688 1717 veritas
705 1653 900 1716 aestimetur.
947 1653 1035 1716 Haec
1051 1654 1133 1736 quia
1149 1659 1220 1715 stu·

127 1752 277 1830 diosiuS,'
291 1759 352 1818 &c
385 1755 480 1835 [Vid.
498 1755 636 1818 Praefat.
653 1755 763 1817 Bertii
777 1774 853 1834 sup.
868 1775 902 1835 p.
916 1754 983 1834 19.]

166 1854 278 1918 Altera
301 1854 459 1935 Epistola
483 1854 636 1937 ejusdem
664 1853 862 1917 Cassiodori
890 1862 943 1918 est
965 1854 1217 1938 quadragesima

121 1954 197 2016 libri
209 1954 359 2032 secundi,
369 1975 445 2037 quae
461 1957 510 2018 sic
526 1975 563 2019 se
579 1955 688 2019 habet.

252 2054 422 2120 ‘Boethio
438 2056 587 2122 Patricio
605 2057 835 2123 Theodoricus
852 2059 939 2123 Rex.

165 2157 273 2221 ‘Cum
290 2158 367 2222 Rex
384 2160 597 2239 Francorum,
613 2165 671 2225 &c
693 2165 858 2244 attingere.
879 2162 975 2244 [Vid.
992 2164 1097 2226 Bertii
1112 2163 1213 2227 Praei.

121 2280 196 2341 sup.
206 2280 239 2342 p.
251 2260 318 2339 20]
333 2260 424 2339 Quid
438 2265 524 2326 enirn
539 2264 597 2326 illa
605 2265 831 2345 praestamina
846 2283 922 2343 qnae
933 2265 1010 2326 coeli
1024 2263 1212 2325 machinam
1303 2254 1310 2265 ’

118 2380 241 2424 sonora
257 2361 434 2425 dulcedine
449 2364 651 2440 modulatur,
672 2372 705 2426 et
717 2376 844 2426 naturae
861 2363 1126 2424 convenientiam
1142 2362 1213 2424 ubi·

118 2481 183 2544 que
195 2461 379 2543 dispersam
393 2463 525 2526 virtutis
541 2482 611 2525 suae
629 2463 736 2544 gratia
751 2460 1035 2543 comprehenditl'
1058 2461 1103 2523 Et
1113 2457 1215 2543 paulo

116 2571 214 2645 post:
238 2570 245 2598 ¹
263 2564 331 2627 Sed
349 2567 504 2646 quoniam
531 2566 628 2630 nobis
649 2565 737 2628 facta
764 2569 815 2627 est
830 2565 1036 2644 voluptuosa
1052 2563 1212 2645 digressio

116 2665 211 2749 (quia
227 2687 358 2748 semper
373 2657 496 2750 gratum
521 2676 573 2734 est
587 2669 629 2732 de
645 2668 798 2732 doctrina
820 2665 968 2746 colloqui
989 2685 1063 2728 cum
1079 2665 1211 2749 peritis)

117 2768 350 2844 citharoedum,
366 2790 462 2851 quem
487 2772 627 2834 anobis
652 2770 799 2832 diximus
818 2767 1021 2848 postulatum
1046 2768 1208 2849 sapientia

116 2876 225 2932 vestra
247 2872 352 2950 eligat
367 2874 525 2951 praesenti
542 2878 692 2953 tempore
708 2871 889 2948 meliorem,
911 2870 1055 2932 facturus
1079 2869 1207 2952 aliquid

117 2971 252 3050 Orphei,
276 2990 354 3033 cum
381 2971 468 3033 dulci
499 2991 579 3034 sono
608 2949 779 3052 gentilidm
810 2971 877 3033 sera
907 2971 1008 3033 corda
1034 2972 1206 3034 domuerit.

115 3072 161 3134 Et
187 3076 319 3152 quantae
346 3071 443 3134 nobis
474 3073 589 3153 gratiae
618 3073 740 3137 suerint
778 3083 875 3151 actae,
908 3078 1008 3138 tantae
1038 3073 1134 3135 vobis
1163 3091 1207 3132 ex

114 3174 231 3236 nostra
247 3173 404 3254 aequabili
433 3176 702 3258 compensatione
725 3177 915 3253 reserentur,
931 3176 989 3257 qni
1011 3181 1045 3237 et
1068 3171 1207 3252 imperio

114 3280 229 3338 nostro
244 3276 379 3356 paretis,
394 3285 428 3339 et
444 3278 532 3359 qnod
550 3298 611 3342 vos
627 3280 808 3343 clarificare
824 3280 938 3361 possit
954 3271 1107 3337 efficitis!

157 3378 251 3441 ldem
276 3377 496 3442 Cassiodorus
517 3382 558 3441 ad
580 3382 680 3444 finem
702 3383 775 3444 libri
804 3380 1003 3444 Dialecticae
1027 3375 1067 3437 de
1088 3374 1205 3439 eodem

113 3479 259 3545 Boethio
275 3480 324 3543 ita
339 3479 495 3561 loquitur.
531 3482 664 3558 ‘Illud,’
678 3485 800 3563 inquit,
816 3486 1027 3562 ‘competens
1037 3474 1204 3562 judicavi-

13 3658 15 3660 ,
112 3603 186 3648 mus
202 3582 422 3666 recapitulare
447 3582 601 3658 breviter,
623 3601 761 3663 quorum
781 3581 896 3645 labore
922 3583 954 3644 in
979 3581 1110 3646 Latium
1132 3585 1202 3646 elo-

112 3687 223 3768 quium
235 3687 370 3749 resistae
385 3685 612 3767 pervenerint:
629 3688 666 3747 ut
676 3703 737 3747 nec
753 3685 942 3747 auctoribus
954 3682 1201 3766 gloriasuape-

112 3796 198 3868 reat3
208 3789 305 3851 nobis
316 3788 507 3870 plenissime
515 3788 564 3851 rei
576 3789 699 3853 veritas
712 3789 903 3852 innotescat.
919 3787 1081 3869 Isagogen
1093 3791 1201 3848 trans-

112 3889 188 3950 tulit
209 3889 376 3952 Patricius
400 3890 574 3966 Boethius,
588 3897 846 3973 commentaque
865 3889 935 3971 ejus
955 3888 1087 3968 gemina
1109 3885 1202 3945 dere-

112 3989 274 4068 linquens.
329 3989 525 4071 categorias
543 3994 630 4056 idern
647 3991 814 4057 transtulit
831 3990 1004 4054 Patricius
1022 3982 1200 4055 Boethius,

113 4087 210 4170 cujus
226 4099 410 4153 commenta
435 4095 541 4156 tribus
561 4095 656 4157 libris
677 4096 751 4175 ipse
768 4111 903 4173 quoque
923 4083 1098 4149 formavit:
1124 4079 1199 4145 Peri
