2790 4800
496 301 756 364 ruinosorurm
780 317 853 362 ara.
878 317 900 365 ι.

285 457 387 520 Nunc
397 457 510 540 jacet·
531 457 645 521 effoeto
660 459 783 522 lumine
802 460 935 537 mentiS,

283 558 326 620 Et
340 577 473 640 pressus
488 561 641 638 gravibus
657 559 745 623 colla
757 562 899 638 cateniS,

284 658 514 739 Decliuemque
529 679 642 740 gerens
656 659 802 741 pondere
817 662 955 738 vultum,

282 758 427 839 Cogitur,
442 759 524 822 heu!
547 759 703 823 stolidam
720 780 849 825 cernere
864 768 993 826 terram.

152 976 251 1036 peritur,
267 992 327 1025 nunc
343 979 393 1025 luce
403 976 491 1026 urentis
511 975 635 1023 debilitata
644 974 710 1033 jacet
730 974 846 1035 stupidus,
867 979 890 1023 et
905 975 977 1023 ueluti
992 973 1130 1022 conabictas
1149 974 1246 1023 ιὶιειιὶἰι

151 1041 315 1099 ponderosis'
294 1056 359 1089 circu
368 1042 461 1099 eodum,
481 1038 609 1100 habensque
617 1038 708 1096 faeiem
724 1040 864 1112 depressum
869 1044 966 1101 propter
980 1039 1125 1100 praedatum
1143 1039 1245 1088 nimio·

152 1117 212 1164 -ιιιιι,
221 1103 372 1167 prohdolor!
383 1103 478 1164 cogitur
489 1107 594 1164 spectare
605 1107 693 1150 terrum
703 1101 766 1149 tuuti
775 1101 884 1164 stuporis.

645 1227 754 1277 NOTAE

152 1339 217 1389 libet
228 1341 343 1404 eorporis
355 1341 446 1404 forma,
457 1357 507 1407 qua
524 1342 587 1391 illud
606 1357 621 1391 a
637 1356 679 1391 ce·
718 1348 813 1405 utpote
826 1341 858 1390 ab
877 1342 983 1391 infinitis
1003 1341 1186 1406 propemodum
1199 1340 1244 1390 ad-

153 1417 216 1464 teris
228 1417 408 1480 distinguatur.
425 1419 468 1467 Sic
479 1419 611 1469 conciliari
621 1432 678 1481 poe·
713 1419 813 1482 junctis
829 1419 954 1481 pendens,
971 1417 1121 1468 difficillime
1133 1417 1243 1467 obtineri

154 1500 213 1541 sunt
224 1493 676 1561 discrepantesPhilosophorumopi·
717 1501 816 1560 potest.
831 1497 896 1544 Suas
905 1502 1091 1544 tamennatura
1101 1495 1244 1544 bachabet

153 1570 257 1620 uiones:
274 1570 427 1635 ‘Namque‚’
439 1571 522 1635 inquit
534 1571 632 1619 Tullius
644 1583 674 1618 ιι.
717 1586 823 1621 causas:
841 1571 904 1619 nihil
917 1571 984 1618 enim
998 1569 1029 1618 fit
1038 1571 1091 1616 sine
1104 1584 1149 1617 sua
1158 1584 1245 1618 causa.

153 1646 186 1696 de
204 1649 267 1700 Nat.
286 1650 318 1698 D.
344 1649 405 1699 ‘alii
427 1657 543 1698 usturam
566 1652 675 1698 censent
714 1649 763 1696 His
775 1649 858 1697 causis
875 1647 1034 1710 inquirendis
1049 1644 1155 1694 student
1174 1645 1245 1708 Pby·
1318 1666 1320 1669 v

151 1737 207 1773 esse
218 1727 268 1773 viru
279 1725 406 1789 quandam
420 1725 474 1774 siue
487 1725 598 1784 ratione,
606 1723 676 1770 cieu·
715 1725 773 1785 sici‚
792 1731 820 1772 ut
833 1724 969 1787 quandam,
986 1738 1036 1787 que
1055 1738 1070 1770 a
1092 1721 1186 1770 ceteris
1204 1722 1246 1769 lio·

151 1804 202 1846 tem
212 1807 298 1848 motus
306 1800 331 1848 in
343 1800 491 1862 corporibus
501 1797 675 1847 necessarios:
716 1799 826 1847 minibus
838 1806 1015 1860 secernantur,
1027 1797 1179 1847 felicitatem
1196 1797 1245 1846 sibi

151 1873 194 1920 aui
209 1882 306 1933 autem,
321 1875 373 1921 vim
386 1873 540 1936 participem
561 1872 676 1930 rationis,
717 1874 816 1937 possint
834 1888 1000 1936 comparare:
1018 1888 1075 1921 narn
1093 1871 1185 1921 ‘Felix
1200 1872 1244 1936 qui

152 1954 230 2010 atque
250 1947 348 1995 ordinis
428 1948 494 1995 Sunt
515 1953 611 2005 autem,
633 1947 676 2009 qui
716 1947 1174 2013 potuitrerumcognoscerecausas!
1185 1949 1242 1998 Has

152 2022 345 2071 omnianaturae
363 2023 464 2070 nomine
485 2023 626 2085 appellent,
647 2028 675 2071 ut
715 2024 824 2088 denique
852 2040 942 2074 causas
970 2032 1119 2088 perspectas
1153 2015 1244 2072 babuit

151 2172 282 2235 quaesiui,
298 2180 414 2222 naturam
434 2186 491 2222 esse
509 2187 627 2236 corpore,
648 2178 676 2221 et
715 2176 817 2236 coelum,
828 2184 985 2240 terramque,
999 2181 1170 2226 consueverat
1186 2175 1243 2223 ‘le-

151 2247 238 2308 iuane,
249 2263 355 2312 quaque
366 2250 402 2298 uis
415 2249 552 2299 accidant!
568 2250 676 2298 Scilicet
717 2252 795 2299 tentis
806 2252 914 2300 Naturae
927 2252 1009 2299 varias
1019 2251 1129 2299 reddere
1137 2247 1246 2301 causas'

150 2324 259 2371 natura'
253 2337 278 2370 rn
289 2339 384 2410 geqere
402 2340 495 2386 causae,
513 2327 608 2388 duplex
625 2331 677 2386 est,
717 2325 768 2373 Sed
779 2327 847 2373 heu!

151 2397 269 2446 nimirum
280 2400 373 2461 prima,
384 2413 477 2462 nempe
493 2399 577 2460 Dens,
592 2399 678 2460 ‘cujus
750 2406 762 2431 ⁸
780 2399 930 2461 Nunejucet]
942 2397 1168 2447 Meushunrana
1149 2411 1244 2447 sicure-

150 2473 297 2534 rolertiam,'
318 2474 402 2538 iuquit
418 2473 486 2522 idem
507 2480 594 2521 orator
616 2472 678 2521 ibid.
720 2474 761 2523 dia
779 2481 819 2523 est
837 2475 904 2523 iuter
923 2475 1018 2534 Deum,
1039 2486 1122 2558 aquo
1141 2471 1246 2522 condita

149 2548 231 2597 ‘nulla
241 2563 289 2610 ars,
300 2550 370 2598 natta
381 2563 479 2610 manus,
494 2564 570 2598 nemo
588 2547 676 2612 opifex
717 2556 896 2612 conservatur,
912 2556 939 2598 et
951 2563 1053 2611 corpus,
1064 2548 1136 2610 cujus
1145 2553 1183 2595 est
1193 2545 1244 2595 for·

149 2624 676 2688 cousequiporsitimitando:’etsecunda,
716 2641 766 2687 ma,
785 2632 815 2675 ut
833 2640 883 2690 quo
900 2625 980 2687 magis
1000 2627 1068 2686 Deo,
1084 2631 1129 2674 aut
1139 2624 1242 2687 corpori

147 2701 268 2751 videlicet
290 2702 418 2766 quoddam
437 2717 531 2766 corpus
552 2702 674 2750 divinitus
716 2703 828 2751 moventi
839 2702 998 2765 obsequitur,
1014 2716 1044 2750 eo
1063 2703 1143 2765 magis
1162 2714 1244 2764 gnara

149 2784 265 2826 motum:
282 2779 331 2827 lroc
348 2781 416 2827 enirn
441 2780 499 2827 ‘vis
515 2787 555 2828 est
567 2779 622 2827 sine
634 2793 674 2826 ra·
715 2779 770 2840 fiat,
782 2785 827 2826 aut
845 2779 952 2841 ignara:
971 2780 1088 2841 ‘Corpus
1111 2779 1195 2840 enim,’
1214 2784 1243 2826 ut

148 2851 229 2912 tione,
241 2853 311 2901 ciens
323 2861 407 2901 motus
419 2855 444 2901 iu
460 2855 563 2917 reliquls
580 2868 674 2914 corpo·
717 2849 813 2902 dieitur
826 2854 885 2915 Sap.
897 2867 936 2902 rx.
953 2854 961 2881 ⁴
972 2853 1040 2917 quod
1062 2851 1244 2915 corrumpitur,

149 2928 219 2976 ribus
231 2929 408 2978 necessarios?
443 2929 480 2978 At
491 2939 583 2979 natura
594 2932 620 2978 iu
633 2944 675 2992 ge·
717 2935 839 2990 aggravat
848 2929 963 2989 animam,
973 2936 1000 2977 et
1008 2927 1244 2977 terrenahabitatio

149 3016 213 3051 uere
229 3001 327 3061 forma,
347 3011 388 3051 est
405 3005 603 3068 unumquodque
621 3020 676 3054 cor·
718 3002 839 3064 deprimit
856 3017 955 3052 sensum
975 3004 1055 3051 multa
1066 3003 1244 3066 cogitantem!

151 3092 209 3140 pus,
225 3085 252 3125 et
269 3078 290 3124 si
311 3078 348 3126 ita
361 3079 446 3140 placet
463 3081 584 3142 Epicuro,
597 3081 677 3129 atomi
718 3080 789 3126 Deus
801 3093 860 3126 vero
871 3079 973 3129 Joamr.
989 3078 1131 3125 ‘illuminat
1141 3069 1241 3123 omnem

151 3156 178 3199 et
189 3151 273 3200 inane.
308 3152 435 3217 Quicquid
455 3155 499 3217 sit,
521 3171 571 3205 non
593 3157 678 3220 agitur
716 3149 1244 3206 homiuemuenienteminbuncmundnur)

150 3225 254 3274 hienisi
267 3227 412 3289 denatura,
425 3230 450 3277 iu
468 3246 562 3294 genere
579 3230 677 3282 formae.
716 3233 785 3281 Hinc
800 3232 963 3296 perturbatio
982 3235 1054 3278 recte
1074 3240 1141 3272 uriae
1161 3223 1244 3287 perbi-

151 3303 219 3351 Haec
238 3309 322 3350 autem
342 3312 435 3353 natura
451 3307 561 3358 obscura
572 3309 676 3372 quidem
716 3309 792 3357 betur
803 3308 914 3357 reddere
929 3299 1159 3352 ‘effoeturnlumeu
1172 3313 1242 3346 men·

149 3384 199 3436 est,
211 3377 257 3425 sed
269 3393 327 3426 suas
338 3380 415 3428 babet
426 3381 522 3444 carisius,
538 3385 629 3446 quilius
646 3393 676 3433 ut
717 3381 768 3444 tis,'
793 3389 820 3429 et
841 3382 922 3427 instar
939 3374 1073 3434 ‘gravium
1091 3380 1240 3424 catenarum

150 3453 256 3517 Physici
276 3453 381 3502 student
396 3455 561 3519 inquirendis,
578 3459 615 3506 sie
637 3460 675 3505 in·
717 3459 814 3506 vultum
832 3455 864 3502 ad
885 3460 979 3501 terram
1002 3449 1172 3512 deprimere?
1196 3451 1241 3500 sed

150 3529 253 3593 quisivit
277 3543 319 3576 eas
355 3529 507 3593 invenitque
542 3531 676 3580 Boethius.
716 3530 841 3579 Boethius
868 3528 962 3576 dicitur
993 3526 1109 3575 ‘catenis
1137 3540 1240 3590 pressus

149 3607 223 3669 Hac,
240 3606 353 3670 iuquam,
377 3613 469 3655 natura
488 3607 596 3656 obscura
618 3614 675 3656 est:
715 3605 799 3665 colla,'
830 3604 920 3667 supple
957 3601 1138 3651 ‘secundum'
1173 3603 1242 3654 sicut

150 3683 267 3747 quianon
280 3683 396 3746 generali
409 3682 546 3744 duntaxat,
563 3683 608 3732 sed
623 3683 674 3730 siu·
715 3679 807 3743 Virgil.
842 3679 899 3730 ‘Os
918 3678 1087 3744 humerosque
1105 3679 1161 3728 Deo
1173 3677 1242 3728 simi·

149 3756 674 3824 gularidebetpercipicogitationeque,
713 3756 763 3806 lis.’
