2790 4800
544 317 694 365 norrun
720 316 818 364 vrrs.
1185 301 1228 364 35

130 460 263 532 titulum
277 460 388 535 modo,
400 459 460 523 sed
473 467 508 523 et
521 461 744 526 elocutionem
757 468 792 524 et
806 461 1031 525 inventionem
1047 463 1223 528 mentitur:

131 561 232 624 aliter
246 561 331 624 enirn
346 560 508 625 Boethius
522 562 711 644 scripsisset
727 563 757 625 si
772 582 813 626 ea
829 563 870 626 dc
886 584 921 627 re
937 565 1078 628 scribere
1101 565 1224 629 voluis·

131 667 193 725 set.
238 661 307 725 Sed
335 663 447 745 ipsum
471 663 650 740 mittamus,
664 682 704 726 ac
727 663 769 726 de
791 664 1070 728 Hebdomadibus
1092 666 1221 750 aliquid

131 764 244 844 potius
264 765 299 826 in
323 765 466 828 medium
495 764 683 828 afferamus.
728 763 813 826 Sunt
845 770 956 827 autem
982 765 1221 832 Hebdomades

131 883 233 946 opera
269 874 395 950 septem
434 868 589 949 partibus
618 864 814 942 distributa3
855 865 956 926 sicuti
984 864 1100 928 decem
1128 868 1221 934 libris

130 965 292 1044 Decedes,
302 973 334 1031 et
346 987 470 1030 novem
484 965 674 1027 Enneades.
719 962 961 1025 Hebdomadas
970 962 1079 1026 Varro
1095 968 1221 1046 primus

128 1067 310 1151 inscripsit,
325 1067 445 1130 deinde
458 1065 514 1127 hic
529 1065 605 1145 ipse
621 1084 629 1126 :
653 1081 699 1124 cx
714 1063 836 1145 quibus
849 1063 984 1127 libellus
999 1064 1040 1127 de
1056 1067 1220 1135 Substan-

127 1169 185 1231 tiae
204 1171 304 1246 bono,
317 1174 352 1231 et
374 1168 461 1230 alius
485 1164 526 1228 de
549 1162 687 1230 Unitate
700 1171 733 1230 et
755 1164 833 1228 Uno
848 1171 978 1232 sumtus
1000 1174 1069 1249 est3
1092 1171 1222 1254 reliqua

129 1275 187 1332 ant
207 1271 299 1333 edita
320 1287 389 1332 non
415 1274 502 1345 sunt,
526 1267 616 1350 quod
640 1287 681 1331 ea
708 1268 785 1345 sibi,
808 1274 846 1331 ut
860 1268 1054 1352 significare
1076 1272 1219 1353 videtur,

129 1377 368 1436 commentatus
390 1377 492 1448 esset,
523 1376 580 1434 ant
610 1369 652 1434 ad
680 1391 741 1434 uos
768 1390 874 1454 usque
897 1390 965 1434 non
987 1387 1217 1454 pervenerunt.

129 1471 369 1536 Hebdomadas
378 1473 513 1556 juvenis
524 1475 722 1556 composuit,
733 1474 827 1538 velut
840 1479 874 1538 et
888 1473 932 1536 de
946 1473 1075 1539 duabus
1091 1483 1218 1545 naturis

127 1579 161 1638 et
179 1593 247 1638 una
261 1593 404 1656 persona
415 1574 550 1640 Christi.
596 1575 677 1640 Hoc
689 1581 728 1640 nt
741 1575 790 1639 ita
806 1575 1010 1653 existimem,
1026 1578 1099 1659 ejus
1114 1583 1218 1646 verba

84 1738 89 1745 ,
123 1676 267 1740 faciunt:
300 1677 535 1760 ‘Episcopus’
550 1678 671 1758 inquit,
700 1678 868 1757 ‘scriptor
889 1677 1044 1758 epistolae
1059 1685 1218 1759 tanquam

125 1777 225 1842 valde
239 1780 472 1843 necessarium
488 1797 566 1841 cum
581 1780 752 1858 praeterire
761 1777 939 1854 uoluisset,
953 1798 972 1840 e
988 1779 1218 1845 duabusnatu·v

124 1882 169 1942 ris
185 1881 356 1943 Christum
372 1880 569 1952 consistere,
585 1885 618 1943 et
632 1879 666 1940 in
681 1877 811 1941 duabus
825 1878 1007 1959 aequaliter,
1023 1878 1217 1947 Catholicos

124 1981 274 2057 credere,
290 1980 439 2043 novitate
461 1979 545 2044 dicti
560 1981 747 2064 perculsus
767 1979 951 2044 meditabar
972 2001 1086 2046 omnes
1104 1985 1215 2048 animo

124 2081 348 2164 quaestiones!
369 2082 549 2147 Decretum
560 2084 624 2147 hoc
635 2083 745 2147 fuerat
757 2081 909 2147 Concilio
927 2082 1143 2148 Chalcedone
1160 2106 1216 2149 cc-

124 2183 266 2261 lebrato,
287 2184 433 2267 illucque
449 2184 521 2249 Leo
536 2184 712 2249 Romanus
727 2185 920 2268 Episcopus
939 2194 1092 2251 venerat:
1118 2188 1215 2269 cujus

124 2284 279 2366 Epistola
295 2284 439 2350 Romam
454 2289 569 2364 missa,
594 2309 667 2350 cum
691 2292 812 2366 postea
835 2286 1018 2348 nitentibus
1044 2285 1217 2366 acephalis

124 2380 382 2450 condemnatum
406 2388 477 2469 jam
500 2389 620 2468 dogma
645 2404 816 2461 revocare,
845 2384 998 2464 pluribus
1020 2387 1217 2448 convocatis

123 2485 245 2551 Romae
259 2487 435 2568 legeretur,
451 2506 511 2550 neo
526 2487 609 2550 satis
620 2488 692 2570 jam
707 2485 789 2567 quid
811 2485 1006 2549 decerneret
1020 2485 1217 2566 intelligere

123 2594 185 2666 tur,
202 2609 316 2653 ansam
332 2588 479 2653 Boethio
505 2588 596 2651 dedit
615 2607 690 2652 eum
713 2587 833 2650 librum
860 2585 1080 2668 componendi
1101 2595 1216 2654 contra

122 2692 326 2768 Nestorium,
343 2692 401 2775 qui
417 2690 549 2755 duabus
571 2691 699 2754 naturis
713 2709 878 2773 personas
894 2688 1033 2752 totidem
1057 2690 1215 2773 adjunge-

121 2794 190 2870 bat,
220 2801 254 2857 et
286 2793 519 2875 Eutychetem,
546 2793 605 2875 qui
632 2792 767 2854 unicam
795 2798 946 2853 naturam
973 2799 1008 2854 et
1035 2813 1215 2875 personam

120 2897 281 2957 tuebatur.
326 2895 414 2972 Ergo
431 2895 460 2955 si
476 2895 552 2974 quis
569 2893 612 2953 ab
627 2891 831 2972 Imperatore
847 2891 968 2968 Leone,
986 2894 1043 2975 qui
1054 2894 1214 2976 rejectam

122 2996 183 3056 snb
195 2995 366 3056 Martiano
382 2992 533 3055 Nestorii
548 2997 581 3055 et
599 2991 792 3074 Eutychetis
807 2995 995 3075 opinionem
1010 2995 1157 3072 fovebat,
1169 2997 1213 3059 ad

120 3093 143 3158 J
145 3095 294 3156 ustiuum
308 3112 417 3178 usque
430 3098 591 3176 supputet
606 3111 722 3172 annos,
738 3095 838 3178 paulo
853 3097 961 3161 minus
972 3098 1215 3178 qninquaginta

122 3196 364 3277 deprehendet3
403 3198 525 3280 quibus
556 3197 598 3260 de
626 3196 761 3261 Boethii
790 3197 873 3263 Vita
901 3199 1074 3271 detractis,
1105 3195 1214 3275 prima

116 3297 301 3380 juventutis
327 3305 472 3381 tempora
498 3302 731 3382 relinquentur.
775 3298 904 3363 Verum
932 3300 1007 3360 haec
1029 3304 1066 3357 ut
1080 3296 1215 3359 libuerit

121 3399 263 3481 quisque
278 3400 437 3480 accipiat3
448 3401 529 3462 illud
542 3400 712 3463 certe‘non
723 3398 966 3462 admittendum
979 3397 1212 3476 contenderim,

121 3498 298 3564 Boethium
313 3505 418 3563 morte
426 3506 631 3581 praeventum
640 3501 812 3563 Musicam
827 3518 892 3561 non
904 3499 1099 3563 absolvisse.
1122 3499 1213 3565 Nam

122 3601 211 3684 quod
242 3602 408 3685 objiciunt
438 3601 554 3682 aliqui,
584 3599 701 3662 titulos
733 3619 847 3664 eornm
871 3620 945 3682 quae
967 3601 1086 3666 desunt
1101 3604 1211 3667 adhuc

122 3723 307 3784 superesse,
324 3701 360 3765 id
382 3721 445 3766 nos
466 3702 502 3764 in
522 3703 722 3766 contrariam
746 3703 945 3768 sententiam
967 3706 1080 3787 potius
1102 3707 1213 3782 trahit,

118 3806 296 3870 absurdum
326 3825 402 3869 esse
431 3807 677 3884 existimantes,
708 3804 854 3869 nondum
880 3810 1080 3891 conscriptis
1109 3811 1210 3872 rebus

117 3906 202 3967 velle
223 3927 344 3971 nomen
359 3909 540 3990 imponere.
587 3907 687 3986 Quod
710 3910 741 3971 si
757 3910 836 3990 qnid
850 3910 1084 3992 imperfectum
1105 3910 1209 3969 Seve-

119 4004 210 4067 rinus
224 4008 371 4087 reliquit,
386 4010 419 4071 id
435 4010 507 4090 ipse
521 4009 741 4090 Theologiam
763 4011 869 4073 fuisse
894 4010 1099 4073 censuerim:
1124 4003 1210 4065 satis

117 4104 208 4169 enim
225 4124 387 4187 superque
401 4108 654 4191 Philosophiam
677 4112 915 4175 illustraverat.
961 4109 1085 4186 ltaque
1100 4103 1212 4173 divina
