2790 4800
207 260 251 326 86
560 273 709 322 souunn
735 275 783 322 nn
807 275 961 324 cousus.

208 438 286 485 cum
301 435 361 482 ren
374 415 471 480 falsis
486 416 795 482 criminationibus!
813 418 994 501 agiterisl⁷
1016 416 1082 497 An,
1097 418 1206 502 iuquit
1219 420 1300 500 illa,-

206 525 252 597 te,
281 538 303 582 o
331 517 488 595 alumne,8
523 518 718 593 desererem,
761 537 824 582 nec
856 518 1070 597 sarcinam,⁰⁹
1106 539 1207 602 quam
1234 523 1300 584 mei

206 620 352 684 nominis
366 619 495 687 invidia
512 621 688 697 sustulisti,
703 619 950 684 communicato
972 626 1083 684 tecum
1099 621 1211 684 labore
1225 640 1300 703 par-

206 721 306 786 tirent
344 722 451 806 Atqui
484 720 710 804 Philosophiae
737 720 792 784 sas
820 739 887 784 non
917 728 1015 797 erut,t
1050 722 1301 784 incomitatum

206 820 392 906 relinquere
416 827 477 888 iter
499 822 695 886 innocentis.
740 821 853 886 Meam
870 822 999 885 scilicet
1012 822 1300 886 criminationem'

203 927 361 990 mererent
396 931 429 990 et
442 925 540 1008 quasi
556 925 673 989 uovi¹⁰
695 923 822 1006 aliquid
845 923 1012 1000 acciderit,
1036 922 1086 986 sic
1111 922 1298 1006 perhorres·

208 1028 371 1091 ccseml¹¹
410 1026 512 1090 Nunc
538 1026 624 1089 euim
651 1024 795 1108 primum
819 1031 971 1088 ceuses⁸'
1010 1021 1102 1106 apud
1127 1024 1296 1106 improbos

238 1164 252 1190 ⁸
270 1157 428 1221 Philosophia.
492 1159 594 1207 ⁰Onus.
656 1155 847 1213 vNcnln'cebct.
911 1155 1029 1205 osclum.
1083 1162 1095 1186 '
1110 1154 1295 1205 Accusationem.

236 1221 489 1271 'Pntnmenondum

656 1310 834 1332 ΟΟΙΝΟΟΝΙΝ

204 1395 236 1429 sc
253 1381 355 1440 cardine,
370 1377 437 1444 quod
458 1394 507 1429 uou
531 1379 667 1443 displicet!
690 1381 853 1430 Remeat-l
877 1377 959 1428 ‘Men
980 1377 1165 1428 Rittershusii:
1182 1379 1296 1441 agitur-isi

204 1445 282 1504 torte,
294 1443 375 1508 (quod
396 1445 472 1492 etiam
484 1444 510 1492 in
521 1443 772 1507 Gloss.)ogitoreris.’
789 1443 925 1494 sitam-s
943 1443 984 1504 l'e,
1000 1444 1092 1492 alumne
1102 1443 1198 1506 Delph.
1210 1444 1295 1493 Hsclr.

204 1511 253 1556 -e
270 1508 333 1557 Mes.
344 1507 468 1557 Rittersh.
479 1523 508 1557 ne
515 1508 704 1557 sarcinam-1⁰
717 1509 791 1566 Quasi
799 1523 881 1556 nonam
891 1507 1035 1557 Victorinus
1054 1507 1188 1568 secundus,
1198 1515 1226 1556 et
1239 1508 1296 1557 Flo·

204 1571 335 1620 reutinus:
346 1573 383 1620 sic
393 1572 469 1621 etiam
477 1572 536 1622 edd.
544 1572 639 1635 Delph.
651 1578 678 1621 et
686 1572 771 1622 Hsck.
782 1571 873 1634 reliqui
884 1569 960 1620 codd.
970 1572 1060 1634 legunt
1070 1571 1194 1619 noni.-ll
1206 1571 1296 1620 Codex

201 1635 357 1748 Reifferym
377 1636 513 1699 secundus,
530 1643 557 1687 et
567 1637 630 1686 Mes.
642 1636 764 1688 Rittersh.
779 1637 813 1686 sie
828 1635 1035 1700 perhorrescerem.
1062 1633 1158 1697 Delph.
1169 1641 1197 1683 et
1208 1634 1293 1686 Hsclr.

200 1713 244 1762 per
300 1714 406 1751 tanmem.
925 1744 928 1748 .

693 1780 802 1834 NOTAE

202 1876 395 1943 Philosophiam
407 1877 451 1929 ‘iu
461 1879 588 1929 homiuum
600 1893 680 1944 genus
691 1879 729 1930 di·
769 1879 801 1930 ad
814 1883 912 1929 vestem
924 1877 1071 1942 rictumque
1080 1888 1164 1924 secum
1174 1873 1241 1924 solet
1249 1873 1294 1924 de·

202 1951 262 2002 eiua
272 1953 398 2004 duntaxat
409 1960 478 2004 sorte
496 1955 628 2018 delapsam
646 1953 728 2004 fuisse
767 1952 836 2004 ferre
847 1950 1026 2018 prolecturus:
1036 1967 1068 2002 ex
1076 1965 1126 2016 quo
1136 1948 1232 1999 factum
1244 1957 1294 2016 est,

202 2033 313 2079 testatus
334 2028 392 2077 est.'
435 2028 478 2076 Sic
499 2029 591 2076 Cicero
613 2028 725 2090 passim:
767 2035 796 2076 ut
806 2028 940 2093 quodlibet
948 2034 1013 2077 onus
1025 2027 1150 2076 inutileet
1160 2027 1294 2076 molestum

202 2108 209 2130 ‘
221 2097 402 2164 Philosophia,'
417 2101 509 2165 inquit,
525 2101 639 2150 ‘donum
651 2109 678 2151 et
689 2103 726 2150 iu·
766 2102 897 2151 ‘sarcina’
908 2101 1054 2152 diceretur:
1072 2102 1141 2150 trude
1153 2100 1233 2151 ovid.
1243 2101 1295 2166 Rp.

202 2185 307 2228 ventum
325 2178 455 2237 Deorum,
474 2191 524 2241 quo
543 2176 610 2226 bono
628 2177 725 2226 nullum
767 2179 897 2227 srr.‘Non
905 2191 954 2240 ego
962 2192 1016 2226 sum
1028 2177 1105 2227 classi
1114 2176 1216 2226 sarcina
1224 2192 1294 2242 mog·

202 2253 352 2317 optabilius,
374 2253 471 2303 nullum
489 2251 665 2316 prestantius,
682 2267 727 2302 ne·
766 2252 1295 2304 natue!Atessdemcrimiuationesssoi-

201 2343 253 2393 que
264 2328 355 2380 datum'
364 2336 403 2379 est
415 2329 559 2387 mortalium
571 2327 661 2390 generi
673 2329 727 2378 Ds·
768 2330 836 2380 thius
855 2330 1025 2394 philosophici
1048 2331 1056 2359 ‘
1069 2329 1178 2378 nominis
1197 2328 1293 2379 invidia

200 2419 273 2454 osum
284 2419 408 2456 concessu
419 2411 498 2470 atque
514 2418 629 2468 munere,
644 2418 728 2470 neque
766 2406 872 2457 sustulit
878 2405 894 2456 ι’
906 2406 974 2471 quod
987 2405 1169 2470 philosophicis
1178 2418 1294 2468 praecep·

201 2480 323 2530 dabitur!
767 2482 800 2531 tis
816 2482 1016 2544 addictissimus,
1033 2481 1093 2531 talis
1112 2487 1189 2543 esset,
1210 2479 1293 2545 qualis

231 2562 243 2596 5
259 2557 353 2604 Mecum
371 2571 412 2606 reo
423 2556 497 2616 salsis
512 2556 726 2620 criminationibus]
767 2557 800 2605 ab
818 2557 931 2606 Horatio
946 2555 1110 2617 describitur,
1126 2556 1210 2605 carm.
1221 2555 1239 2604 l.
1250 2568 1292 2606 111.

199 2629 372 2694 Gaudentius,
385 2633 481 2696 Opilio,
498 2638 524 2683 et
534 2632 645 2683 Basilius
656 2633 725 2696 apud
767 2629 819 2680 Od.
831 2635 855 2681 3.
869 2631 988 2682 ‘lustum
998 2635 1025 2678 et
1037 2636 1152 2678 tenacem
1164 2629 1292 2692 propositi

198 2703 386 2753 'theodoricum
394 2707 492 2769 Regem
501 2705 725 2756 falsoaccusaruut
764 2709 846 2757 virum
854 2706 1290 2769 Nouciriumardorpravajubeu-

199 2777 349 2829 Boethium:
362 2784 386 2829 1.
402 2781 471 2845 quod
483 2783 524 2831 hic
536 2781 723 2846 impedivisset,
764 2784 837 2846 tium,
860 2782 922 2832 Non
944 2784 1029 2832 nultus
1050 2782 1171 2832 instantis
1187 2783 1290 2846 meconi

200 2855 335 2922 quominus
356 2856 466 2904 Senatus
491 2858 562 2906 laesae
583 2857 725 2925 majestatis
764 2860 858 2910 Mente
868 2860 952 2925 quatit
970 2859 1061 2922 solida,
1080 2874 1162 2924 neque
1174 2857 1290 2918 Auser:

198 2929 411 2980 convinceretur:
422 2931 521 2994 equod
530 2932 563 2981 de
571 2932 726 2982 vindicanda
765 2939 814 2989 &a
835 2939 931 3000 Quare,
938 2935 1094 2986 continuatis
1104 2934 1217 3000 ejusdem
1230 2935 1290 2985 Phi·

198 3007 225 3057 iu
247 3005 396 3058 libertatem
418 3005 496 3054 ltalia
516 3006 681 3070 scripsisset:
702 3013 728 3059 3.
765 3013 888 3076 losopbiae
907 3000 1054 3075 praeceptis,
1071 3024 1102 3061 eo
1120 3010 1212 3074 majori
1232 3025 1290 3061 cum

198 3081 266 3148 quod
278 3080 311 3132 dd
321 3079 476 3130 obtinendas
484 3080 626 3143 dignitates
635 3083 723 3134 suffra·
764 3088 892 3150 patientia
912 3085 1020 3136 Boiithio
1040 3086 1080 3134 hae
1098 3085 1290 3137 criminationes

197 3159 241 3223 gia
252 3157 420 3220 corrupisset,
436 3153 505 3219 quod
517 3156 614 3208 crimen
624 3158 724 3207 Latinis
764 3158 877 3210 fereudae
895 3167 964 3222 suut,
979 3175 1030 3223 quo
1047 3159 1175 3223 antiquior
1190 3167 1231 3211 est
1246 3161 1292 3211 illa

195 3230 345 3296 ‘ambitum’
357 3230 460 3282 Grecis
475 3231 723 3292 inmaculavocaba·
764 3233 936 3297 Philosophia
948 3239 975 3281 et
986 3233 1199 3298 Philosophorum
1210 3251 1275 3287 sors.

197 3315 248 3369 tur,
259 3310 372 3375 istisque
382 3307 483 3372 legibus
494 3308 661 3370 puniebatar;
677 3314 723 3356 ant
794 3309 885 3358 ¹Nunc
892 3308 956 3358 enim
964 3308 1067 3371 marum
1077 3311 1168 3374 censes]
1179 3312 1291 3362 Interro-

196 3383 287 3431 saltem
298 3383 364 3446 quod
376 3383 408 3432 ad
419 3385 486 3432 hunc
497 3381 574 3431 linem
586 3381 671 3446 impiis
682 3395 723 3430 ar-
762 3383 841 3447 gatio,
867 3384 941 3448 quasi
963 3383 1043 3448 dicat,
1062 3386 1210 3436 censesne?
1235 3401 1288 3438 ruo·

197 3454 266 3507 tibus
278 3471 337 3506 usus
349 3455 451 3508 fuisset.
479 3456 566 3522 Atque
577 3457 642 3520 hac,
652 3463 722 3508 teste
762 3460 809 3510 dus
828 3460 950 3525 loquendi
967 3461 1065 3511 Latinis
1081 3477 1130 3512 uon
1142 3464 1289 3514 inusitatas.

195 3531 722 3600 ipsaPhilosophia‚suut‘sarciua,’quam
762 3535 913 3586 Notandum
932 3550 984 3586 nou
1002 3538 1153 3599 extinctam,
1169 3536 1214 3586 sed
1230 3537 1286 3585 ‘lu-

195 3604 319 3656 Boethius
335 3606 472 3656 ‘nominis'
485 3609 653 3673 philosophici
669 3613 724 3662 ἰιι
762 3609 1287 3672 cessitsm'duutaxatdici‘sapientiam'

194 3682 263 3734 vidia
271 3679 526 3748 urstutit,’qusmque
535 3693 672 3748 propterea
681 3703 723 3737 aa·
761 3685 882 3736 extinctis
893 3684 960 3733 euim
977 3683 1133 3748 sapientibus
1146 3697 1196 3732 nou
1207 3697 1286 3748 prop·

194 3758 253 3809 uem
260 3757 720 3820 Philosophia‘commuuicato’cnm
760 3765 834 3808 terea
851 3757 1012 3819 extinguitur
1030 3756 1168 3820 sapientia,
1188 3759 1285 3824 quippe

194 3833 305 3887 Ba'e’thio
320 3832 424 3882 ‘labore
436 3833 546 3896 partiri’
558 3834 641 3896 cupit.
651 3834 720 3896 ejus·
759 3837 944 3897 quererentur
960 3832 988 3882 iu
1006 3831 1170 3896 cogitatione,
1188 3834 1230 3883 cai
1242 3839 1284 3886 rel

193 3909 263 3961 modi
271 3907 516 3958 ‘criminationibus'
523 3913 634 3957 assueta.
644 3907 721 3972 Sunt,
759 3913 926 3970 tyrannorum
936 3905 1109 3957 furornoeere
1118 3920 1169 3955 uon
1182 3917 1282 3972 potest:

193 3986 306 4051 iuquam,
315 3985 357 4034 hm
366 3983 558 4033 criminationes
575 3980 718 4031 ‘sarcinae'
757 3981 1284 4048 iuhoesimilisvirtati,quoe,utaitClau·

194 4071 252 4112 nam
286 4059 406 4114 sarcina'
420 4072 485 4110 onus
496 4063 546 4118 est,
562 4054 633 4121 qnod
642 4057 720 4108 homo
757 4058 827 4110 dian.
839 4059 925 4112 Carsu.
933 4073 1003 4111 xvir.
1010 4060 1092 4111 vs.1.‘
1101 4060 1218 4114 Pretium
1224 4064 1284 4129 sihi,
