2790 4800
199 249 244 313 ⁵6
343 258 574 309 rusrruours
601 259 801 308 vuurouuu
822 261 871 308 nu
895 249 1147 326 souru10,&c.

362 482 865 607 uucruuu-suurruuu
889 499 1151 583 succuum

228 651 395 716 Nimirum
411 653 453 716 ab
469 651 665 717 66661600.
688 652 828 717 adhunc
845 661 994 717 nostram
1010 659 1140 719 oetatem
1157 653 1269 730 uuus

246 819 412 883 Infinitior
426 818 500 894 sim,
516 818 545 881 si
557 837 632 901 quee
647 816 710 881 hoc
725 827 842 883 nostro
857 820 985 882 saecuio
1007 819 1042 881 in
1058 820 1194 884 laudem
1213 821 1302 885 Boii-

203 922 264 987 tirii
279 921 370 984 dicta
385 926 475 996 sunt,
498 919 572 982 haec
597 920 713 984 omnia
734 919 937 983 recensendo
962 939 1153 984 enumcrare
1176 922 1302 1002 velim3

204 1023 313 1088 nullus
325 1023 411 1085 enim
435 1024 488 1083 esi
511 1026 574 1084 aui
587 1020 887 1117 historiographus,
904 1028 964 1085 aut
980 1021 1167 1104 theologus,
1182 1025 1240 1106 qui
1259 1024 1301 1087 66

203 1123 432 1189 illustrissimo
447 1123 506 1186 illo
520 1129 655 1187 auctore
669 1142 738 1187 nou
751 1123 850 1187 fucrit
861 1130 977 1187 ornate
995 1129 1030 1186 et
1052 1124 1235 1188 honorifice
1250 1126 1301 1188 io-

206 1235 314 1291 cutus.
361 1221 519 1301 Consule,
547 1225 577 1288 si
592 1224 716 1308 placet,
744 1223 924 1290 Berouium
955 1222 1074 1288 Annal.
1102 1225 1302 1289 Ecclesiast.

204 1327 245 1391 Τ.
262 1344 326 1389 vu.
342 1325 385 1389 66
402 1345 454 1390 66.
467 1325 542 1390 522.
587 1327 631 1388 D.
647 1326 780 1390 Petrum
796 1347 816 1390 a
831 1331 948 1390 sancto
964 1327 1158 1391 Romualdo
1173 1329 1206 1390 iu
1216 1328 1302 1392 The·

206 1449 306 1492 sauro
321 1425 563 1506 Chronologico
574 1427 614 1491 Τ.
630 1444 670 1489 ιι.
681 1427 724 1489 66
741 1447 791 1490 66.
803 1429 878 1492 510.
904 1428 1056 1510 aliosque
1072 1448 1189 1492 omues
1200 1430 1303 1493 histo·

204 1528 418 1610 riographos:
441 1527 517 1590 vide
539 1527 758 1590 reverendum
782 1526 915 1591 Patrem
942 1527 1143 1591 Ceussinum
1163 1530 1198 1591 iu
1220 1531 1302 1594 libro

206 1649 305 1712 quern
320 1627 494 1710 inscripsit
506 1625 537 1689 Ia
553 1625 639 1689 Coor
656 1625 776 1704 Sciute,
792 1628 852 1689 ubi
872 1627 1089 1710 proponendo
1113 1629 1225 1693 ideam
1240 1631 1303 1694 viri

207 1750 305 1813 quem
326 1736 429 1793 vocat
452 1726 569 1789 homme
592 1725 699 1805 uetat,
719 1727 870 1810 pluribus
893 1729 963 1810 agit
986 1728 1027 1791 de
1053 1729 1236 1808 nobilitate,
1260 1731 1303 1794 66

208 1833 371 1907 doctriua,
395 1830 438 1893 de
459 1830 621 1906 consiliis,
643 1830 685 1893 de
708 1835 813 1894 morte
830 1828 980 1893 Boethii.
1023 1832 1113 1913 Lege
1136 1831 1248 1910 etiam,
1271 1832 1302 1896 si

208 1936 316 2010 lubet,
331 1931 518 1996 Gerardum
532 1930 697 1995 Joannem
712 1930 874 1996 Vossium
889 1930 932 1994 de
948 1931 1063 1996 Poetis
1080 1932 1210 1997 Latinis
1226 1952 1302 2016 cap.

211 2037 243 2098 6.
282 2030 459 2111 ‘Quibus'
474 2032 595 2113 iuquit,
610 2032 838 2113 ‘temporibus
853 2031 888 2092 in
899 2030 1035 2096 Oriente
1048 2034 1154 2111 Zeno,
1169 2041 1304 2118 postea-

211 2154 275 2218 que
290 2132 503 2207 Anastasius,
518 2132 552 2193 iu
567 2130 671 2193 Italia
687 2128 854 2207 Odoscer,
880 2139 915 2195 et
934 2134 1057 2197 exinde
1073 2134 1305 2201 Theudoricus

209 2239 306 2315 rexit,
321 2236 439 2300 claruit
454 2233 592 2297 Anicius
608 2231 759 2294 Manlius
775 2231 941 2296 Boethius
957 2235 1146 2314 Severinum,
1167 2238 1219 2301 vir
1239 2237 1304 2301 La·

212 2343 277 2406 tine
291 2350 327 2404 et
343 2339 465 2403 Graece
488 2335 718 2410 doctissimus
743 2335 778 2397 iu
800 2334 888 2397 omni
908 2335 1163 2420 disciplinarum
1186 2359 1305 2420 genere

211 2442 388 2518 excellcnS,
404 2457 540 2523 quoque
555 2434 666 2500 Roma
682 2435 878 2500 aVarronis
894 2439 1103 2520 temporibus
1118 2458 1185 2502 non
1200 2439 1305 2505 habu·

212 2545 273 2607 erit
287 2541 517 2621 undecumque
535 2537 727 2602 doctiorem.
773 2538 944 2616 Qurmtum
967 2541 1054 2604 idem
1080 2542 1225 2604 carmine
1250 2563 1306 2607 va-

211 2644 321 2716 luerit,
345 2642 527 2704 ostendunt
547 2640 624 2704 libri
649 2640 795 2725 quinque
822 2640 865 2704 de
891 2639 1127 2704 Consolatione
1150 2640 1306 2707 Philoso-

213 2744 315 2829 phiae,
340 2762 427 2825 quos
447 2743 524 2807 exui
549 2741 663 2807 Ticini
686 2742 832 2824 scripsit.
878 2740 1019 2803 Omnino
1043 2740 1121 2803 nihil
1144 2741 1179 2804 in
1206 2742 1307 2824 poesi

214 2845 386 2909 venustius
404 2844 520 2908 habuit
534 2843 618 2909 illud
638 2863 758 2924 aevum,
782 2833 949 2909 ueletiam
975 2840 1067 2926 quod
1083 2845 1236 2926 proxime
1252 2866 1308 2911 an·

217 2943 376 3009 tecessit.'

358 3139 369 3185 r
386 3127 452 3179 Haec
463 3126 628 3194 Testimonia,
643 3129 755 3196 scilicet,
771 3144 804 3182 ex
815 3130 858 3182 ed.
868 3131 965 3196 Deiph.
976 3131 1093 3183 desumto
1104 3138 1172 3182 snut.
