2790 4800
146 279 192 358 2¹0
606 302 637 364 r.
660 298 789 351 aarum

145 465 227 533 pora
240 443 403 522 conversi,
417 462 485 509 non
499 440 669 509 audebunt
680 441 880 526 so‘aequales
894 443 991 509 nobis
1008 441 1132 524 dicere,
1149 428 1248 530 apud

145 567 230 634 quos
244 546 353 611 sciunt
366 547 537 630 sapientes
548 545 629 610 talia
643 544 837 627 cogitasse?

187 649 230 716 ln
244 645 403 732 Epistola
415 646 616 712 Theudorici
631 647 675 712 ad
690 645 945 713 Gundibaldum
967 648 1245 731 Burgundionum

146 750 446 836 Regemleguntur
459 750 546 816 ista:
568 748 809 832 ‘Quapropter
830 748 1017 814 salutantes
1040 752 1149 832 gratia
1165 769 1244 814 con·

146 860 253 932 sucta,
276 851 467 939 perharam
480 852 672 936 portitores,
695 850 885 932 praesentiae
910 856 1051 928 vestrae,
1067 850 1243 934 horologia

145 973 224 1022 cum
238 957 310 1021 suis
325 952 588 1038 dispositoribus
601 952 802 1017 credidimus
818 951 1023 1016 destinanda.
1069 951 1192 1029 Unum,
1208 955 1244 1017 in

149 1078 217 1144 qno
230 1058 378 1123 bumana
401 1056 540 1122 solertia
554 1055 687 1121 videtur
702 1053 811 1137 colligi
833 1054 924 1138 quod
948 1055 1055 1118 totius
1070 1053 1150 1118 coeli
1166 1072 1246 1118 nos·

146 1162 235 1226 citur
246 1160 360 1244 spatia
380 1155 704 1242 pervagari3'aliud,
729 1156 788 1220 nbi
810 1157 893 1220 solis
918 1162 1047 1220 meatus
1076 1157 1150 1219 sine
1171 1155 1245 1220 sole

147 1261 370 1345 cognoscitur,
385 1264 418 1323 et
430 1261 527 1343 aquis
543 1258 753 1343 guttantibus
764 1258 917 1322 horarum
939 1259 1045 1340 spatia
1066 1257 1245 1322 terminan-

145 1371 213 1428 tur.
256 1361 428 1426 Habetote
443 1362 476 1425 in
491 1367 602 1425 vostra
617 1361 727 1443 patria
749 1360 839 1443 quod
855 1358 1035 1443 aliquando
1061 1359 1196 1423 vidistis
1208 1361 1245 1422 iu

146 1465 282 1530 civitate
309 1463 478 1528 Romana.
542 1462 692 1543 Dignum
720 1469 773 1526 est
800 1467 837 1525 ut
863 1461 963 1526 bonis
991 1461 1116 1525 nostris
1137 1472 1246 1524 vestra

146 1565 254 1650 gratia
267 1565 467 1651 perfruatur,
482 1584 559 1649 quae
573 1564 672 1628 nobis
687 1564 788 1627 etiam
804 1563 962 1627 affinitate
978 1561 1211 1647 conjungitur?

190 1667 259 1734 Sed
285 1674 318 1733 et
340 1668 558 1733 citharoedum
574 1668 736 1732 missurus
750 1665 986 1730 Theudoricus
996 1665 1039 1728 ad
1054 1663 1244 1729 chlodove—

146 1789 204 1834 um
219 1769 420 1833 Francorum
439 1769 579 1852 Regem,
603 1769 784 1834 Bo'ethiurn
809 1776 955 1834 nostruin
979 1766 1157 1841 consuluit,
1184 1764 1246 1829 de-

145 1869 259 1951 ditque
280 1869 349 1950 ipsi
373 1887 486 1932 curam
509 1871 676 1952 deligendi
701 1869 843 1953 alicujus
866 1869 985 1934 idonei.
1031 1865 1184 1950 Apparet
1208 1866 1245 1930 id

147 1987 193 2032 ex
208 1965 365 2048 Epistola
386 1966 497 2047 ipsius
516 1969 721 2033 Theodorici
747 1971 790 2033 ad
811 1970 1003 2047 Boethium,
1021 1970 1055 2033 in
1081 1988 1148 2052 qua
1170 1968 1245 2033 haec

145 2067 315 2148 leguntur:
337 2065 445 2128 ‘Cum
461 2064 538 2129 Rex
555 2067 759 2131 Francorum
775 2071 924 2133 conmvii
949 2071 1053 2132 nostri
1068 2070 1159 2132 fama
1174 2070 1246 2151 pel-

145 2167 264 2246 lectuS,
276 2187 296 2232 a
309 2168 407 2232 nobis
422 2167 639 2232 citharoedum
655 2171 783 2259 magnis
797 2170 950 2251 precibus
959 2169 1158 2250 expetisset,
1170 2171 1245 2236 sola

145 2268 272 2335 ratione
287 2268 523 2353 complendum
547 2288 622 2333 esse
642 2270 867 2353 promisimus,
883 2270 973 2354 quod
994 2275 1026 2334 te
1041 2270 1245 2337 Eruditionis

148 2370 296 2438 Musicae
325 2372 467 2456 peritum
492 2390 569 2435 esse
594 2390 803 2436 noveramus.
858 2370 1002 2456 Adjacet
1031 2370 1117 2436 enim
1146 2374 1245 2437 vobis

151 2469 286 2538 doctum
303 2472 436 2555 eligere,
450 2474 508 2556 qni
523 2474 737 2554 disciplinam
752 2476 862 2558 ipsam
876 2477 911 2540 in
924 2474 1027 2539 arduo
1042 2475 1246 2540 collocatam

147 2573 304 2656 potuistis
319 2572 505 2655 attingere?

189 2671 287 2738 Idem
297 2693 431 2759 quoque
443 2675 486 2739 ad
500 2672 727 2751 chlodoveum
739 2675 854 2762 (quem
870 2675 1094 2741 Cassiodorus
1110 2674 1244 2742 Ludnin

146 2772 262 2859 vocat)
276 2775 416 2838 victoria
430 2774 651 2850 Alamanniae
664 2776 789 2842 elatum
804 2779 973 2857 scribens;
995 2797 1084 2855 eum,
1108 2784 1145 2842 ut
1172 2796 1246 2842 mo-

145 2877 318 2943 deratione
341 2883 375 2940 et
401 2877 576 2944 clementia
590 2880 698 2946 victos
724 2881 788 2945 sibi
814 2881 995 2957 devinciat,
1017 2879 1175 2956 hortatur,
1201 2899 1244 2944 uc

146 2977 281 3045 tandem
297 2976 409 3042 addit:
425 2977 677 3046 ‘citharoedum
691 2983 793 3048 ctiam
808 2989 877 3048 arte
894 3003 958 3047 sua
970 2981 1105 3047 doctum
1119 2981 1245 3063 pariter

52 3142 58 3151 ,.
146 3081 388 3148 destinavimus
402 3081 597 3162 expetitum,
613 3083 669 3166 qui
685 3102 741 3147 ore
756 3084 977 3166 manibusque
993 3102 1145 3146 consona
1157 3101 1244 3147 voce

147 3183 324 3261 cantando,
351 3180 491 3266 gloriam
513 3188 630 3247 vestrae
652 3184 834 3267 potcstatis
858 3183 1022 3246 oblectet:
1046 3198 1145 3264 quem
1166 3183 1244 3248 ideo

146 3284 218 3350 iore
233 3285 402 3351 credimus
418 3289 556 3366 gratum
581 3285 661 3369 quia
675 3283 719 3349 ad
739 3303 803 3347 vos
826 3302 901 3347 eum
919 3282 1100 3368 judicastis
1120 3305 1242 3368 magno

147 3399 248 3466 opere
263 3383 490 3469 dirigendum!
534 3385 624 3451 Haec
640 3384 742 3467 igitur
757 3384 973 3450 studiaiuere
988 3386 1134 3451 Boethii.

191 3481 279 3559 Qum
294 3486 517 3566 dumtractat,
531 3489 668 3572 eripitur
678 3487 747 3570 ipsi
755 3494 860 3555 morte
873 3487 978 3572 Elpis,
993 3488 1064 3551 fida
1077 3505 1244 3569 curarum,

147 3588 181 3648 at
195 3583 403 3665 gaudiorum,
419 3592 454 3646 et
473 3588 659 3655 studiorum
674 3591 782 3654 socia.
826 3591 911 3672 Ejus
937 3585 1155 3672 Epitaphium
1179 3588 1244 3672 (in-

146 3688 285 3788 certum,
311 3686 511 3770 scriptumne
539 3706 562 3748 a
591 3688 749 3763 Boethio,
783 3709 825 3752 aa
850 3689 905 3755 ab,
922 3689 992 3752 alio
1017 3682 1148 3768 aliquo)
1176 3690 1243 3756 tale

146 3786 283 3870 legitur:
