2790 4800
560 293 763 344 PRAEFA'l'lO.

45 475 48 479 >
159 440 272 518 Felix,
288 440 354 504 beu
367 440 503 506 nimium
517 439 617 505 felix!
639 441 719 505 dum
736 442 808 505 vita
822 445 978 516 maneret,
1013 458 1018 467 ·
1036 476 1039 482 ·

203 543 312 625 Digno
322 543 441 625 juncta
455 544 537 622 viro,
552 544 652 626 digna
667 545 767 608 simul
782 544 921 608 tumulo.

156 713 262 799 Atqui
290 717 344 782 hic
373 719 508 802 quidem
535 716 678 782 Anicius
702 723 820 783 atavus
843 717 908 782 fuit
933 716 1038 780 nostri
1060 715 1204 780 Boethii.

116 817 196 881 Filii
212 820 307 884 istius
321 818 450 899 Anicii,
467 825 504 883 ut
518 827 598 883 aute
615 819 773 896 diximus,
799 819 892 880 sucre
919 817 1054 880 Probus
1069 825 1103 880 et
1126 817 1209 881 Pro·

113 921 224 999 binuS,
239 942 381 1006 quorum
394 922 467 997 ille,
493 919 632 983 Boethii
655 919 759 980 nostri
783 919 926 992 abavus,
949 921 1044 980 tanta
1067 916 1131 980 fuit
1150 937 1210 999 per

112 1024 224 1086 orbem
240 1025 433 1088 universum
447 1021 582 1084 virtutis
596 1019 698 1094 fama,
721 1025 758 1082 ut
777 1016 893 1082 Persae
909 1018 976 1080 duo
991 1017 1210 1098 potentissimi

112 1130 147 1187 et
161 1123 416 1208 sapientissimi,
431 1125 516 1186 teste
530 1119 688 1184 Paullino
699 1120 732 1183 in
747 1117 832 1182 Vita
843 1119 937 1191 beati
945 1116 1126 1196 Ambrosii,
1139 1117 1211 1182 Ro-

111 1244 201 1288 mam
215 1224 366 1287 venerint
378 1225 486 1305 ipsius
499 1222 636 1288 videndi
651 1243 692 1287 ac
708 1221 881 1286 salutandi
896 1222 1013 1302 gratia.

157 1322 275 1404 Hujus
298 1322 403 1386 Probi
418 1323 487 1388 filia
507 1329 611 1407 nupta
637 1324 701 1389 fuit
729 1322 861 1387 Manlio
891 1323 1083 1401 Theodoro,
1110 1343 1210 1406 quem

113 1424 248 1488 codices
277 1425 412 1508 quidam
442 1425 599 1491 Mallium
625 1434 765 1491 vocant:
804 1433 839 1490 et
864 1427 945 1508 quia
971 1445 1056 1507 gens
1078 1424 1210 1488 Manlia

113 1527 284 1609 Torquato
312 1526 389 1606 fuit,
418 1547 458 1593 eo
483 1529 607 1593 iactum
634 1537 688 1593 est
714 1536 765 1591 ut.
779 1527 944 1591 Boethius
968 1533 1082 1590 noster
1099 1527 1210 1589 dictus

112 1628 214 1692 suerit
228 1626 371 1693 Anicius
397 1627 547 1693 Manlius
573 1629 779 1711 Torquatus.
823 1627 903 1690 Fuit
927 1635 1039 1691 autem
1064 1625 1212 1688 Manlius

112 1728 179 1792 iste
196 1727 331 1792 Boiithii
346 1731 454 1792 nostri
465 1747 635 1812 proavus:
669 1745 815 1808 eumque
839 1725 937 1788 Fasti
951 1723 1132 1801 Consulem
1146 1723 1213 1804 sig-

113 1834 194 1892 nant
206 1849 285 1893 cum
300 1829 473 1910 Eutropio.
516 1826 678 1909 Ejusdem
692 1827 813 1890 Manlii
828 1827 987 1891 memoria
1012 1830 1107 1890 extat
1120 1823 1213 1908 apud

115 1927 356 2008 Augustinum,
370 1928 427 2011 qui
442 1935 580 1992 matrem
595 1947 688 1992 snam
704 1929 878 1994 Monicam
892 1930 1080 2013 alloquens,
1100 1920 1211 2005 ‘Hie’

117 2028 235 2110 inquit,
260 2016 482 2111 ‘temporibus
507 2027 561 2113 (ut
573 2028 722 2100 omittam
738 2028 888 2116 ceteros)
901 2032 952 2095 vir
969 2039 1004 2096 et
1016 2030 1160 2113 ingenio,
1176 2033 1212 2093 et

114 2237 189 2294 ante
203 2232 314 2296 omnia
329 2238 393 2310 est,
418 2242 526 2297 mente
548 2232 857 2315 praestantissimus,
881 2231 1088 2307 Theodorus,
1110 2250 1212 2312 quem

111 2331 201 2394 bene
214 2334 316 2409 nosti,
331 2333 367 2395 id
382 2334 451 2414 agit
464 2342 504 2396 ut
523 2341 559 2397 et
572 2353 674 2410 nunc,
688 2339 723 2394 et
737 2330 830 2412 apud
844 2335 1009 2412 posteros,
1023 2331 1137 2391 nullus
1151 2329 1211 2414 ho·
1240 2338 1245 2346 ’“

117 2431 245 2496 minum
259 2430 302 2494 de
317 2432 423 2495 literis
445 2439 636 2496 nostrorum
660 2439 844 2515 temporum
867 2430 944 2511 jure
968 2429 1212 2510 conqueratur?

116 2533 275 2616 Ejusdem
291 2533 413 2598 Manlii
428 2534 643 2598 consulatum
658 2532 831 2598 luculento
847 2533 991 2595 carmine
1006 2529 1212 2613 Panegyrico

116 2635 300 2701 celebravit
321 2635 542 2714 Claudianus,
573 2635 667 2717 cujus
683 2636 716 2699 in
742 2639 889 2698 extrema
916 2638 1022 2715 parte,
1047 2633 1106 2696 ubi
1134 2639 1213 2696 vota

111 2755 174 2800 sua
188 2739 330 2823 exponit
355 2757 417 2822 pro
443 2745 541 2818 gente
569 2737 712 2814 Manlia,
739 2736 839 2819 quasi
863 2736 905 2798 de
930 2733 1076 2799 Boethio
1097 2743 1210 2799 nostro

110 2839 323 2904 vaticinatur.
369 2839 427 2902 Sic
443 2840 530 2902 enim
545 2840 650 2902 canit:

198 3000 325 3064 Consul
343 3020 404 3085 per
418 3000 577 3084 populos,
592 3001 748 3083 idemque
763 2985 978 3084 gravissimus
993 3005 1109 3064 auctor

198 3100 347 3186 Eloquii,
363 3102 493 3186 duplici
506 3102 575 3166 vita
588 3102 761 3180 subnixus,
776 3103 812 3166 in
827 3123 938 3167 aevum

198 3202 375 3282 Procedat,
389 3204 519 3287 pariter
533 3204 627 3268 libris
650 3204 808 3287 fastisque
823 3203 994 3287 legendus.

198 3303 359 3386 Accipiat
371 3307 477 3389 patris
492 3307 697 3389 exemplum,
713 3306 906 3386 tribuatque
921 3301 1038 3383 nepoti

199 3403 319 3481 Filius,
334 3413 367 3468 et
381 3408 502 3488 coeptis
515 3428 557 3470 ne
573 3406 658 3469 desit
670 3405 819 3470 fascibus
832 3404 953 3466 hares.

196 3505 364 3569 Decurrat
378 3505 530 3568 trabeata
545 3506 675 3580 domus,
696 3505 871 3586 tradatque
886 3522 1018 3567 secures

197 3607 320 3670 Mutua
334 3607 528 3689 posteritas,
542 3612 742 3688 servatoque
757 3604 873 3668 ordine
889 3606 951 3671 tati

195 3711 327 3776 Manlia
342 3711 501 3775 continuo
517 3717 704 3776 numeretur
719 3707 864 3774 Consule
877 3710 998 3793 proles.

112 3877 266 3943 Adhaesit
281 3885 394 3943 autem
410 3879 513 3944 Genti
529 3879 667 3945 Manliae
686 3881 935 3963 Torquatorum
951 3896 1084 3953 nomen,
1107 3894 1153 3938 ex
1168 3892 1208 3945 eo

114 3979 202 4058 quod
217 3979 314 4044 Titus
329 3981 478 4045 Manlius
494 3982 531 4045 L.
546 3983 584 4046 F.
598 3980 643 4046 A.
656 3983 703 4069 N.
726 3982 946 4064 Imperiosus,
957 3977 1110 4057 Sulpicio
1126 3973 1208 4037 Dic-

115 4083 224 4140 tatore
235 4080 401 4144 tribunum
416 4101 516 4163 agens
540 4084 695 4158 militum,
719 4082 858 4145 Gallum
882 4079 1119 4161 provocantem
1143 4075 1207 4140 sin·
