2790 4800
549 295 700 356 nournrr
729 296 774 342 nu
797 294 951 344 corson.

327 439 483 502 'ferrenis
499 437 631 519 quoties
644 437 782 501 flatibus
797 433 933 501 acta¹⁶p

328 540 458 604 Crescit
470 539 504 601 iu
517 540 713 602 immensum
728 537 833 601 noxia
848 537 948 601 cura!

328 642 396 704 Hic
412 639 601 723 quondamq
623 640 709 704 coelo
723 640 807 703 liber
822 644 950 722 aperto,

196 842 318 893 adnando
335 854 427 900 mosas,
444 835 626 901 aspirationibus
636 836 787 886 terrestribus
797 836 904 898 turgida,
920 839 1021 897 uagetur
1031 850 1120 883 summo
1133 835 1289 883 incrememm

198 907 248 956 Hic
265 904 380 954 Boittias
397 903 452 952 olim
471 917 517 952 noa
531 902 655 964 impeditas
671 903 726 950 creto
742 905 846 964 patente,
859 901 942 949 aolitsn
960 915 1003 948 aun
1014 899 1156 961 canaam
1166 901 1289 948 aremare

656 1045 836 1066 WMOO

230 1151 262 1196 16
278 1145 355 1196 Aurio
368 1145 465 1208 Delpb.
485 1150 512 1194 et
534 1144 620 1195 liaclt.
639 1145 703 1197 Actu
723 1146 765 1196 etl.
784 1145 1006 1196 Florentium-li
1024 1140 1289 1203 ‘renumeratione

692 1283 798 1333 NOTAE

198 1378 285 1429 nebrae
303 1385 438 1428 versantur
457 1380 483 1428 in
501 1379 661 1443 ignoratione
681 1394 724 1429 eo·
765 1381 819 1430 lraec
838 1395 921 1430 rcrrrm
938 1379 1091 1430 caducarum
1109 1389 1179 1438 cura,
1197 1380 1289 1436 agente

197 1467 262 1516 rum,
273 1468 332 1517 qum
343 1468 391 1502 nec
404 1469 536 1517 possumus
547 1469 594 1504 nec
602 1454 725 1505 debemus
764 1470 881 1518 corpore,
896 1455 1019 1516 nascitur,
1037 1451 1220 1516 egentibusque
1232 1463 1290 1497 cum

199 1543 370 1592 cognoscere:
383 1530 415 1579 de
426 1530 464 1580 bis
476 1530 590 1580 tenebris
602 1532 677 1593 vulgo
689 1531 724 1578 ‹ii-
765 1530 904 1579 reboatum
919 1529 1035 1592 personis
1046 1526 1212 1576 corroborata
1223 1538 1291 1572 cres·

198 1605 277 1665 citur,
292 1605 419 1655 ‘Nescire
430 1607 546 1671 quaedam
557 1620 650 1669 magna
665 1620 724 1668 pars
764 1604 817 1653 cit:
834 1619 876 1652 res
888 1603 990 1668 quidem
1002 1607 1080 1665 egunt
1091 1613 1136 1648 suo
1146 1606 1269 1647 contactu
1282 1615 1288 1645 ε

199 1681 350 1744 sapientie!
389 1684 512 1732 Esteture
530 1696 590 1731 vero
609 1683 724 1731 tenebras
765 1673 1289 1741 personaverosuaderebuslstisexisti·

197 1763 259 1806 sunt
270 1757 414 1821 ignorantie
423 1772 522 1819 eorum,
533 1773 592 1822 qnae
601 1773 658 1807 cum
669 1772 726 1820 pos·
763 1757 966 1819 matione,quam
974 1750 1288 1815 exemplodemonstrant:

197 1832 275 1880 simus
287 1833 477 1896 debeamusque
489 1848 654 1897 cognoscere,
667 1848 725 1897 per·
765 1831 811 1880 sed
822 1830 868 1880 bac
880 1837 1014 1880 crescente
1029 1842 1091 1877 core
1107 1825 1230 1875 minuitur
1243 1825 1291 1873 vir·

197 1908 385 1957 turbationibus
395 1909 522 1959 obcaecati
535 1912 675 1960 nescimus:
687 1912 725 1961 sic
766 1915 808 1958 tus
819 1909 928 1958 trientis:
946 1907 1015 1957 unde
1030 1906 1130 1954 divinus
1145 1910 1291 1966 preceptor

197 1981 298 2046 qnidam
311 1983 336 2030 in
355 1997 452 2031 summa
463 1985 502 2032 sni
513 1985 614 2048 Deiqne
625 1987 725 2048 ignora·
766 1984 884 2033 Christus
890 1985 985 2034 Mattb.
993 1988 1018 2033 6.
1027 1984 1092 2032 hanc
1100 1978 1289 2031 solicitudinem

197 2056 265 2105 tione
278 2063 419 2118 versantes,
436 2059 680 2120 quascogitationes
697 2061 723 2108 iu
765 2058 881 2121 pluribus
899 2058 1016 2108 confutat
1035 2055 1201 2120 argumentis,
1223 2069 1289 2103 sum·

192 2130 276 2190 ¹solnm
287 2131 371 2179 Deum
389 2130 506 2181 conferre
524 2132 660 2195 deberent,
678 2135 723 2184 bas
764 2146 830 2180 mant
842 2133 893 2181 Dei
904 2133 1091 2195 providentiam
1101 2128 1291 2179 commendato·

197 2206 222 2254 in
233 2219 274 2255 tes
286 2213 384 2254 creatas
402 2206 548 2258 conferunt.
581 2208 619 2257 Ut
637 2218 723 2259 autern
765 2223 822 2256 rus:
842 2209 909 2257 unde
919 2209 945 2258 S.
956 2208 1031 2256 Paul.
1043 2207 1075 2254 ad
1087 2205 1182 2267 Philip.
1192 2208 1218 2254 4.
1235 2203 1290 2252 ‘ni-

198 2281 292 2330 ceteria
314 2282 560 2347 perturbationibus,
586 2285 623 2334 sic
645 2286 724 2335 nimia
763 2281 816 2347 bil,’
833 2284 925 2347 iuquit,
940 2281 1052 2331 ‘soliciti
1071 2278 1155 2329 sitis:'
1176 2278 1245 2327 unde
1262 2278 1288 2327 S.

199 2359 343 2420 praesertirn
354 2373 438 2408 rerum
450 2360 604 2409 caducarum
612 2361 724 2412 solicitu-
765 2359 860 2408 Petrus
872 2360 921 2423 Ep.
930 2371 950 2408 t.
962 2372 985 2407 c.
998 2353 1166 2416 5.‘omnen1‚'
1178 2354 1224 2415 ait,
1234 2353 1242 2380 ‘
1251 2366 1289 2402 so·

198 2432 258 2483 diue
278 2435 456 2486 obcecamur:
479 2436 548 2485 unde
566 2450 639 2486 nuno
653 2451 725 2487 mens
765 2433 926 2484 licitndinem
948 2439 1058 2482 vestram
1078 2430 1246 2494 projicientes
1264 2429 1290 2476 in

198 2512 308 2561 bumana
319 2513 415 2562 dicitur
425 2516 433 2542 ⁴
442 2514 468 2562 iu
478 2519 597 2563 externas
607 2514 644 2563 ire
653 2521 725 2564 tene·
766 2510 868 2559 Deum:
886 2509 1004 2574 quoniam
1015 2507 1065 2570 ipsi
1075 2521 1138 2556 cura
1149 2515 1190 2553 est
1200 2505 1234 2552 de
1246 2519 1290 2554 vo·

198 2586 267 2648 bras,
285 2589 385 2650 quoties
402 2589 428 2637 in
440 2589 588 2639 immensum
599 2588 724 2652 ejusmodi
764 2582 828 2632 bisr'
844 2585 936 2648 quibus
956 2582 1055 2645 posili&
1068 2580 1131 2629 nihil
1146 2579 1248 2643 mitum,
1267 2579 1290 2628 ΙΙ

198 2662 378 2712 consenescit)
398 2664 462 2713 Cum
473 2662 645 2727 porroeatiem
652 2672 724 2712 ruens
764 2657 818 2708 bec
836 2657 929 2707 ‘cura'
945 2656 1101 2706 hictlicatur
1116 2652 1223 2702 ‘noxia'
1278 2672 1283 2679 ·

198 2735 308 2783 humanu
327 2750 360 2783 ex
377 2737 536 2799 ignoratione
551 2740 597 2789 illa
611 2739 638 2788 in
654 2753 725 2788 erro·
795 2740 807 2774 ‘⁸
824 2732 875 2782 Hic
892 2730 1018 2796 ΜΝ]
1040 2729 1172 2779 Mihin&
1204 2725 1287 2776 Nlffli·

197 2823 262 2871 rem,
278 2823 311 2857 ex
323 2825 411 2859 errore
423 2812 450 2860 in
462 2815 562 2876 vitium,
576 2829 609 2865 ex
622 2814 684 2864 vitio
697 2813 724 2862 in
764 2825 819 2860 runt
830 2825 846 2860 a
857 2810 1000 2875 questione
1012 2807 1118 2867 infinita,
1129 2819 1205 2870 quam
1216 2805 1290 2854 Grae·

197 2887 725 2955 poeuasaeternaslapsacadat,propterea
764 2887 788 2937 ci
799 2884 861 2937 θέσιν
871 2887 1013 2951 appellant,
1032 2884 1065 2934 ad
1081 2882 1212 2933 definiam
1227 2896 1289 2931 con·

198 2963 290 3006 auctor
301 2967 388 3009 noster
400 2960 455 3010 baec
467 2963 582 3013 scribens
598 2967 682 3029 potuit
694 2980 725 3017 ea
764 2964 924 3024 troversiam,
937 2976 1012 3027 quam
1022 2960 1099 3010 iidem
1110 2959 1200 3008 dicunt
1211 2956 1289 3008 ntae

197 3033 314 3097 cogitate
326 3050 381 3099 quae
393 3035 542 3087 referuntur
552 3039 672 3090 Mattbaei
683 3045 723 3092 22.
764 3055 809 3102 σιν,
826 3053 961 3104 progressa
972 3036 1148 3099 Philosophia,
1164 3049 1291 3084 commen·

196 3110 300 3174 ‘ligatis
308 3112 425 3161 manibus
434 3119 462 3162 et
473 3113 582 3176 pedibus
590 3116 658 3178 ejus,
667 3118 724 3166 snit·
765 3115 809 3164 dat
820 3130 885 3175 eam,
902 3112 1096 3179 quaqnondam
1110 3110 1161 3160 tuit
1180 3111 1207 3158 in
1223 3108 1290 3160 Boi·

197 3188 247 3238 tite
258 3203 316 3238 eum
327 3189 353 3240 in
366 3190 483 3238 tenebras
495 3191 639 3241 exteriores
650 3198 665 3242 :’
681 3193 724 3242 irbi
764 3191 825 3254 thio,
833 3203 917 3238 rerum
926 3186 1079 3236 naturalium
1089 3185 1217 3247 notitiam,
1227 3199 1292 3248 prte-

196 3263 221 3312 S.
238 3263 348 3329 Gregor.
368 3266 521 3316 ‘interiores
534 3267 666 3325 tenebre‚’
677 3269 722 3329 ait,
764 3271 863 3313 sentem
875 3261 990 3324 ejusdem
1002 3260 1190 3323 ignorationem
1201 3261 1290 3311 statim

196 3338 275 3387 ‘suut
295 3343 399 3392 caecitas
416 3342 517 3393 cordis:
535 3343 676 3392 exteriores
688 3349 724 3391 te·
763 3339 871 3387 dictura.
913 3335 1056 3385 Praeterita
1077 3343 1164 3385 autem
1185 3335 1291 3387 Bo'e'tlrii

196 3412 294 3475 nebron,
311 3426 417 3469 aeternas
427 3419 598 3468 damnationis
608 3418 675 3468 noir.⁸
763 3415 865 3477 notitia,
879 3419 910 3462 ut
926 3426 994 3462 nuuc
1012 3412 1116 3475 dicitur,
1131 3424 1224 3475 magna
1239 3410 1290 3459 fuit

227 3489 367 3540 ¹'Terrenis
387 3527 415 3542 ..
434 3527 441 3542 .
452 3495 554 3558 flatibus
585 3493 650 3555 acta]
671 3494 723 3542 Vo-
764 3498 816 3541 tarn
833 3490 867 3540 de
883 3489 957 3552 coelo,
977 3503 1051 3553 quem
1070 3487 1103 3537 tle
1121 3497 1199 3536 terra.
1232 3486 1289 3534 Pri·

195 3564 297 3625 luptate
320 3567 448 3629 nimirum,
464 3571 502 3631 et]
513 3569 650 3631 hominum,
669 3569 723 3634 qui·
763 3581 832 3616 tuum
842 3568 910 3616 enim
921 3563 1047 3614 Boethius
1056 3563 1113 3612 coeli
1125 3562 1218 3623 sciens,
1229 3573 1288 3622 cog·

195 3639 300 3688 buscunt
318 3641 435 3703 vivimus,
451 3643 651 3708 existimatione,
669 3645 723 3709 qni·
763 3642 1093 3702 norit1.Solem,Lnnstn,
1109 3644 1136 3685 et
1147 3636 1243 3684 stellas.
1262 3638 1288 3685 2.

195 3713 252 3776 bns,
262 3721 291 3763 ut
302 3715 367 3776 iguis
384 3716 499 3780 flatibus,
516 3727 604 3769 nostra
620 3728 723 3783 pertur·
762 3719 872 3775 Ventos,
883 3715 926 3778 qai
936 3731 950 3765 a
959 3714 1084 3765 sideribus
1096 3711 1166 3759 velut
1176 3707 1286 3761 effectus

194 3790 266 3841 batto
278 3791 363 3841 alitur.
391 3792 517 3843 Nimirum
528 3810 587 3844 cnm
597 3808 668 3843 mens
677 3795 722 3842 bu·
762 3808 778 3840 a
796 3791 878 3841 causis
896 3792 1022 3840 oriuntur.
1045 3791 1070 3836 ⁸.
1086 3783 1209 3849 Spiritum
1221 3785 1286 3834 Uni·

196 3881 271 3916 mens
293 3867 464 3930 conjungatur
487 3870 596 3932 primunt
618 3868 721 3933 quidem
762 3866 838 3928 versi,
849 3880 931 3931 aquo,
941 3865 1034 3914 reluta
1044 3874 1123 3910 causa
1133 3859 1191 3921 ipsa
1201 3861 1288 3911 sidera

196 3957 253 3993 cum
273 3957 390 4007 corpore,
407 3943 500 3994 deinde
520 3961 578 3996 cum
596 3944 646 3994 iliis
665 3942 721 3993 sire
761 3952 907 3995 moventur.
939 3940 1042 3992 Deinde
1053 3952 1114 3987 vero
1131 3936 1200 3988 idem
1218 3941 1287 3991 Boii·

195 4019 273 4070 rebns
284 4021 339 4071 sive
350 4021 475 4086 personis,
484 4024 575 4086 quibus
585 4020 667 4085 prima
676 4019 722 4070 illa
760 4021 828 4070 tbius
837 4028 914 4070 terre
923 4017 1015 4073 mens,
1023 4013 1144 4078 cognovit
1151 4014 1235 4065 nanas
1245 4031 1290 4067 an.

195 4096 344 4158 conjunctio
355 4095 457 4150 videtur
465 4097 573 4160 serrari,
582 4099 721 4161 propterea
760 4096 786 4147 ni
796 4098 974 4163 tempestates,
982 4094 1006 4141 1.
1019 4103 1133 4156 vernam,
1145 4093 1171 4143 2.
1188 4099 1289 4144 sutum·
