2790 4800
601 287 806 337 rnmrr‘rro.
1210 275 1252 340 11

156 431 292 494 nomine
307 430 471 496 Consules
496 431 609 514 plures
635 430 749 496 Fastis
771 432 891 511 notati,
917 433 980 498 snb
998 433 1252 516 imperatoribus

160 531 277 598 Leone
289 537 322 598 et
337 533 482 598 Zenone.
524 530 578 598 Ac
593 533 667 598 fieri
682 537 804 616 potest,
824 542 864 599 ut
876 535 930 600 vel
945 535 1067 601 Manlii
1080 535 1251 602 Theodori

157 633 229 697 filia
244 633 403 700 Severino
418 637 519 701 alicui
541 642 651 720 nupta·
673 636 783 714 fuerit,
808 625 874 702 aro
894 639 1000 703 nostri
1026 637 1173 717 Boethii,
1196 639 1252 705 vel

154 734 246 801 filius
256 737 405 802 Manlios
417 739 599 822 adoptione
610 739 780 804 transierit
790 739 994 804 insamiliam
1003 739 1250 821 Severinorum,

155 856 200 900 ex
214 857 280 921 quo
294 846 393 904 natus
407 840 451 905 sit
465 840 643 916 Boethius,
658 839 765 902 nostri
778 839 914 902 Boethii
922 845 1040 920 pate13
1061 840 1093 903 is
1103 842 1162 922 qui
1174 862 1251 907 curn

154 938 392 1006 Praefecturam
406 947 534 1024 gereret
559 940 734 1015 Praetorii,
748 957 770 1001 a
786 937 1023 1004 Valentiniano
1047 941 1253 1024 Imperatore

153 1057 310 1107 unacum
326 1044 424 1107 AEtio
442 1042 592 1105 Patricio
615 1041 777 1104 innocens
790 1039 823 1101 in
837 1040 965 1121 palatio
989 1041 1180 1107 interfectus
1193 1049 1252 1108 est.

152 1142 221 1208 Hic
235 1145 361 1209 illaest
372 1143 471 1226 cujus
485 1143 683 1207 mentionem
696 1141 779 1205 facit
792 1140 829 1204 in
852 1140 1019 1208 Chronico
1034 1163 1098 1209 suo
1114 1143 1254 1209 Cassio-

152 1243 271 1308 dorus:
295 1243 457 1321 ‘AEtiuS,'
477 1245 596 1328 inquit,
611 1244 807 1310 ‘Patricius
818 1245 854 1308 in
868 1245 995 1328 palatio
1009 1266 1110 1311 manu
1124 1244 1254 1311 Valen-

152 1343 272 1408 tiniani
296 1343 401 1409 Tertii
429 1345 650 1428 Imperatoris
681 1347 854 1412 extinctus
881 1354 944 1427 est,
978 1347 1142 1414 Boethius
1172 1367 1252 1413 vero

151 1444 339 1511 Praefectus
348 1446 512 1513 Praetorio
525 1450 643 1514 amieis
651 1449 726 1534 ejus
735 1451 1029 1517 circumstantibus
1037 1448 1253 1516 interemtus!

151 1546 241 1612 Haec
262 1548 360 1614 refert
383 1546 607 1615 Cassiodorus
634 1552 678 1615 ad
703 1552 917 1617 consulatum
948 1551 1033 1616 AEtii
1058 1557 1094 1616 ot
1118 1549 1251 1615 Studii:

150 1650 207 1733 qui
221 1652 520 1718 inciditinannum
535 1651 660 1719 Christi
676 1669 830 1717 ceccnv.
852 1672 919 1734 qno
943 1653 1022 1733 ipso
1047 1669 1138 1714 anno
1164 1648 1254 1712 Boii·

149 1753 241 1816 thius
251 1760 365 1818 noster
379 1761 485 1816 natus
498 1773 575 1817 esse
589 1754 741 1816 creditur.
785 1750 916 1814 Eodem
934 1769 1025 1814 anno
1041 1748 1095 1812 Fl.
1110 1747 1253 1813 Anicius

150 1853 332 1917 Petronius
355 1854 544 1930 Maximus,
571 1852 630 1934 qui
651 1851 938 1929 Valentinianum,
964 1849 1060 1934 justo
1076 1850 1196 1915 uxoris
1210 1851 1253 1914 ab

149 1954 227 2035 ipso
241 1954 371 2018 vitiatae
387 1953 505 2017 dolore
518 1952 645 2031 ardens,
659 1952 797 2031 occidit,
812 1952 956 2037 ejusque
979 1959 1096 2020 contra
1111 1971 1252 2018 uxorem

150 2052 342 2118 Eudoxiam
368 2055 546 2138 stupravit,
569 2061 602 2120 et
621 2055 796 2140 imperium
822 2056 888 2121 sibi
914 2054 1083 2122 vindicare
1108 2061 1251 2122 conatus

149 2160 212 2233 est,
223 2175 245 2219 a
259 2155 432 2221 Genserici
447 2156 611 2222 militibus
624 2157 824 2223 interemtus
838 2159 1007 2223 occubuit.

190 2256 380 2321 Referenda
409 2265 487 2322 sunt
515 2259 615 2341 igitur
644 2260 689 2323 ad
726 2259 862 2323 Boethii
894 2259 1052 2341 majores,
1079 2280 1101 2323 a
1126 2261 1251 2341 quibus
1311 2314 1318 2321 .

146 2358 254 2438 petita
281 2364 368 2434 sunt,
397 2359 469 2421 ista
483 2359 636 2421 nomina:
673 2356 798 2432 Anicii,
822 2357 866 2420 ad
879 2355 1037 2419 Anicium
1058 2357 1253 2422 Petronium
1311 2381 1313 2386 ·

149 2454 298 2519 Probum
322 2463 479 2537 atavum3
510 2456 825 2540 ManliiTorquati,
849 2455 893 2521 ad
918 2451 1086 2520 Manlium
1101 2455 1256 2522 Theodo-

147 2575 220 2620 rum
242 2576 428 2640 proavnm3
450 2558 615 2637 Severini,
629 2558 673 2623 ad
697 2578 798 2623 avum
812 2558 1028 2638 Severinum3
1051 2556 1195 2635 Boethii,
1209 2557 1254 2621 ad

147 2666 277 2739 patrem
308 2659 499 2725 Boethium.
555 2660 701 2725 Duravit
726 2679 806 2725 vero
830 2661 934 2724 etiam
958 2663 1035 2742 post
1056 2659 1192 2725 Bo'e'tbii
1219 2668 1253 2727 et

146 2759 354 2824 Theoderici
369 2761 495 2826 obitum
511 2760 710 2827 Aniciorum
726 2779 825 2842 gens:
846 2760 1003 2825 Justinus
1020 2763 1108 2827 enim
1122 2771 1158 2826 et
1170 2762 1252 2828 Jus-

146 2861 291 2924 tiuianus
320 2861 549 2945 Imperatores
577 2864 693 2928 Anicii
712 2863 795 2927 dicti
811 2868 907 2929 sunt:
949 2864 1086 2929 fratrem
1114 2884 1251 2948 quoque

147 2959 343 3036 Iustiniani,
356 2963 491 3026 nomine
516 2963 732 3042 Germanum,
762 2965 811 3027 ait
830 2964 1008 3043 Jordanes,
1032 2967 1134 3030 ducta
1160 2967 1252 3031 Mal-

146 3062 324 3137 hasuonta,
352 3061 491 3145 Witigis
520 3063 624 3129 Gothi
646 3065 760 3146 vidua,
789 3064 986 3133 Aniciorum
1012 3074 1146 3150 gentem
1176 3085 1253 3130 cum

144 3161 271 3225 Amaia
286 3163 387 3247 stirpe
402 3167 630 3252 conjunxisse.

190 3262 389 3328 Praenomen
412 3266 550 3334 Bolitbii
574 3270 657 3334 nulli
672 3268 748 3334 libri
763 3268 960 3351 praeferunt.
1005 3266 1094 3330 Mihi
1108 3264 1246 3330 dubium

143 3382 210 3428 non
224 3369 289 3440 est,
303 3384 497 3446 praenomen
506 3371 574 3452 ipsi
585 3373 693 3436 fuisse
707 3371 831 3446 Flavii,
844 3372 894 3432 ita
915 3368 1002 3433 enim
1017 3367 1131 3429 vocari
1146 3367 1252 3433 video⁴

143 3468 177 3529 in
205 3463 307 3529 Actis
335 3465 599 3548 Ecclesiasticis,
629 3492 707 3552 quae
738 3472 789 3533 sic
813 3470 958 3533 babent:
1007 3467 1080 3532 ‘Fl
1106 3469 1249 3537 Boethio

144 3567 188 3631 V.
199 3567 239 3632 G.
256 3566 417 3648 Consule,
433 3569 487 3634 die
503 3588 559 3634 ιιι.
576 3571 700 3636 Iduum
715 3571 924 3649 Martiarum,
944 3571 979 3634 in
995 3570 1145 3637 Basilica
1161 3572 1249 3637 Con·

145 3671 325 3757 stantiana,
338 3673 507 3738 residente
521 3676 704 3740 venerabili
715 3675 802 3753 viro,
815 3674 913 3757 Papa
925 3673 1062 3753 Felice,'
1073 3677 1136 3739 dre.
1157 3674 1247 3753 Quae

145 3773 250 3837 verba
261 3773 304 3837 ad
319 3776 461 3859 primum
479 3779 611 3843 Bo'elthii
628 3777 850 3845 Consulatum
866 3778 1041 3842 reserenda
1055 3782 1143 3841 sunt.

190 3871 317 3939 Floroit
342 3883 453 3944 autom
469 3882 633 3947 Boethius
657 3890 771 3947 noster
786 3880 987 3947 Theodorici
1006 3877 1121 3941 Amali
1138 3873 1249 3954 Regis

149 3968 340 4055 Ostrogotbi
353 3985 570 4066 temporibus.
617 3984 688 4048 Hic
710 3986 766 4058 ille
781 3992 833 4047 est
848 3978 1081 4046 Theodolicus
1095 3973 1250 4036 Theode-

147 4071 224 4155 ml'ri
238 4074 339 4168 filiast,
366 4084 423 4161 qui
450 4083 593 4148 delatum
619 4085 683 4150 sihi
707 4107 729 4150 a
755 4087 889 4153 Zenone
906 4082 1114 4160 Imperatore
1140 4073 1250 4142 Italia
