2790 4800
528 290 682 364 nostran.
703 292 806 342 vrrs:
1170 279 1214 346 33

121 438 270 524 Tyranni
279 442 512 522 procuratores
521 438 725 502 indixerant:
739 456 812 502 earn
822 436 915 520 exigi
925 435 1052 502 Consul
1061 456 1127 502 non
1138 460 1213 504 sus·
1233 430 1235 434 ’

121 539 232 605 tinuit.
262 541 453 622 Triguillam
464 558 597 624 quoque
612 541 712 623 regiae
723 540 843 604 domus
858 540 1076 623 praepositum
1092 543 1211 606 multo·

123 642 189 706 ties
200 644 243 706 ab
256 642 377 726 injuria
390 641 519 726 dejecit,
530 648 564 707 et
578 643 795 725 Conigastum
806 643 956 707 fortunas
972 644 1089 725 optimi
1103 644 1214 728 cujus-

123 762 190 827 que
198 745 416 810 insectantem
426 747 645 827 compescuit.
670 744 781 808 Hisce
792 745 890 807 rebus
900 743 1027 806 factum
1037 750 1134 808 estut
1145 745 1213 809 Re·

123 846 175 926 gis
188 846 448 928 indignationem
458 847 655 920 incurreret,
670 844 941 925 perditorumque
954 842 1171 909 delationibus
1179 849 1215 912 in

123 949 258 1012 axilium
273 948 463 1031 pelleretur.
508 943 750 1008 Accusationis
771 961 900 1005 summa
913 942 986 1005 haec
1005 942 1088 1006 fuit:
1115 943 1214 1020 Quod

122 1056 270 1114 senatum
287 1051 380 1113 laesae
406 1045 596 1127 majestatis
612 1051 852 1108 accusaturum
873 1042 1103 1125 prohibuerit;
1128 1049 1217 1128 quod

123 1151 166 1214 ad
181 1150 400 1215 Anastasium
416 1147 646 1230 imperatorem
663 1145 775 1209 literas
789 1145 916 1210 miserit
938 1145 980 1209 de
994 1149 1215 1230 recuperanda

122 1253 290 1315 libertate.
334 1247 525 1325 Delatores,
547 1248 688 1331 perditis
708 1248 854 1312 moribus
878 1248 1027 1311 homines
1047 1257 1118 1314 tres
1132 1252 1218 1314 exti·

123 1356 247 1430 terunt;
271 1349 482 1414 Gaudentius
506 1358 542 1413 et
571 1349 698 1432 Opilio,
713 1356 791 1412 tunc
814 1348 857 1412 ob
879 1350 1068 1415 innumeras
1081 1352 1217 1417 fraudes

125 1451 229 1516 exilio
244 1451 404 1530 damnati,
422 1450 650 1534 Basiliusque,
664 1450 792 1535 pridem
813 1469 834 1514 a
854 1453 1085 1533 procuratione
1099 1453 1219 1517 domus

123 1555 223 1636 regiae
245 1553 405 1637 dejectus,
429 1555 669 1636 obaeratusque
690 1554 879 1636 plurimum.
925 1552 1108 1632 Purgasset
1120 1555 1220 1618 facile

123 1655 297 1720 Severinus
329 1655 461 1739 objecta
493 1656 645 1732 crimina,
674 1655 705 1717 si
735 1673 852 1717 coram
872 1652 1041 1716 delatores
1065 1654 1221 1732 arguendi

123 1757 269 1822 facultas
294 1759 362 1820 sibi
385 1777 408 1819 a
434 1756 649 1820 Theoderico
676 1755 756 1817 data
772 1754 901 1817 luisset.
944 1752 1012 1816 Sed
1036 1753 1091 1817 vel
1116 1755 1221 1818 iratus

125 1859 272 1922 oblatam
288 1859 354 1920 sibi
368 1857 509 1919 ultionis
523 1856 734 1918 occasionem
751 1856 915 1931 amittere,
936 1856 988 1919 vel
1008 1855 1181 1939 improbus
1201 1874 1222 1920 a

124 1977 163 2022 se
178 1957 363 2018 excitatam
381 1955 580 2018 calumniam
597 1955 779 2019 dissolvere
794 1956 909 2020 noluit.
956 1955 1087 2022 Absens
1105 1960 1220 2041 itaque

124 2059 188 2134 vir,
202 2063 235 2121 et
246 2057 419 2135 innocens,
436 2063 470 2121 et
479 2056 610 2139 grandis
625 2063 707 2122 natu
722 2057 897 2136 Bo'e'thius,
907 2059 1069 2123 malorum
1084 2062 1221 2144 conspi-

124 2159 254 2222 ratione
269 2158 436 2240 relegatus
450 2162 519 2236 est;
541 2178 604 2223 nec
621 2177 642 2221 a
663 2160 761 2223 bonis
775 2160 811 2222 in
824 2161 934 2241 patria
952 2168 1114 2236 retentus,
1126 2161 1220 2226 'lici-

125 2278 205 2324 num
220 2261 370 2337 seoessit,
381 2261 549 2327 urbem'in
565 2260 766 2324 Insubribus
780 2261 939 2339 positam,
949 2267 984 2320 et
994 2261 1060 2322 sibi
1075 2279 1096 2321 a
1110 2265 1222 2340 tyran-

125 2381 171 2425 no
187 2362 429 2444 praescriptam.
472 2361 514 2423 Iu
528 2379 629 2440 quam
644 2360 743 2421 simul
760 2362 862 2436 atque
877 2358 979 2431 venit,
996 2376 1064 2438 quo
1082 2359 1222 2438 posteris

126 2463 230 2526 etiam
252 2462 476 2525 innocentiam
499 2480 598 2523 suam
623 2459 788 2540 cognitam
810 2458 945 2532 faceret,
968 2456 1223 2539 pulcherrimum

124 2564 207 2628 illud
232 2563 274 2627 de
300 2561 553 2627 Consolatione.
567 2561 731 2638 uolumen,
756 2559 951 2624 Ciceronem
971 2559 1130 2636 imitatus,
1145 2579 1223 2624 con-

126 2666 268 2747 scripsit.
313 2662 350 2728 N
351 2684 404 2727 am
421 2665 511 2728 sicut
535 2664 606 2740 ille,
623 2682 692 2744 quo
709 2662 787 2726 filiae
803 2661 1006 2724 desiderium
1028 2660 1164 2738 leuaret,
1179 2662 1221 2726 de

125 2765 318 2832 Animorum
334 2766 587 2831 Immortalitate
612 2765 819 2846 disceptans,
843 2761 987 2826 Tulliam
1011 2765 1222 2846 supervivere

124 2875 302 2932 monstrat:
342 2869 392 2929 ita
421 2869 602 2930 severinus
632 2866 675 2929 de
703 2865 793 2926 falso
815 2870 848 2928 et
874 2882 954 2927 vero
977 2864 1086 2942 Bone,
1108 2863 1220 2947 deque

126 2968 345 3031 Providentia
360 2967 522 3047 disputat,
538 2975 572 3028 et
588 2966 701 3028 omnia
717 2965 885 3028 voluntate
897 2965 1010 3029 divina
1025 2966 1222 3030 mortalibus

126 3067 259 3131 evenire
287 3065 450 3129 declarat.
493 3064 622 3130 Verum
639 3069 672 3130 in
687 3087 728 3130 eo
745 3086 844 3150 opere
864 3065 983 3131 Cicero
1011 3086 1142 3130 carmen
1157 3084 1224 3127 non

127 3168 248 3248 attigit.
292 3166 457 3233 Bo'e‘thius
473 3176 649 3252 utramque
663 3169 846 3233 orationem
871 3168 1049 3240 admiscet,
1064 3172 1164 3245 atque
1177 3166 1225 3226 ita

128 3266 303 3346 admiscet,
317 3277 357 3332 ut
370 3270 470 3333 facile
482 3271 660 3353 unicuique
676 3268 844 3344 ostendat,
857 3268 1026 3347 ingenium
1039 3264 1114 3338 sibi,
1129 3263 1224 3344 quic⁶

126 3369 207 3453 quid
224 3375 399 3445 tentasset,
413 3390 580 3453 nunquam
593 3371 753 3432 defuisse.
796 3367 866 3430 Sed
883 3364 964 3445 quid
987 3364 1127 3427 naturali
1144 3365 1222 3429 Phi-

127 3470 283 3552 losophia
297 3468 493 3532 difficilinst
516 3467 598 3547 quid
614 3468 811 3531 Dialectica
827 3465 1026 3546 spinosiust
1048 3471 1085 3529 ut
1098 3472 1221 3530 utram-

127 3592 190 3654 que
205 3571 423 3655 disciplinam
439 3572 489 3633 sic
502 3569 651 3631 oratione
663 3587 725 3631 sua
739 3572 938 3650 pervagatus
952 3573 1015 3645 est,
1030 3573 1067 3631 ut
1083 3570 1222 3634 abditis·

45 3671 46 3674 ’
129 3675 213 3739 sima
236 3693 383 3759 quaeque
407 3670 517 3736 cuivis
538 3677 671 3752 promta
694 3668 880 3733 reddiderit.
926 3667 1042 3752 Neque
1067 3689 1146 3734 vero
1169 3691 1221 3733 se-

128 3775 246 3841 lectum
262 3796 365 3841 unum
377 3772 513 3857 aliquod
529 3777 751 3853 argumentum
764 3771 917 3835 oratione
932 3777 1145 3835 consectatus
1160 3778 1222 3841 est,

129 3876 190 3938 sed
205 3877 434 3960 Philosophiae
446 3874 631 3958 penetralia
642 3877 819 3954 ingressus
830 3893 872 3937 ea
887 3871 1223 3938 Latinishominibus

70 3968 73 3974 ’
130 3975 255 4058 primus
281 3979 441 4041 reseravit
467 3996 542 4059 quae
574 3977 729 4059 princeps
757 3971 957 4038 Aristoteles
992 3974 1033 4036 de
1062 3965 1224 4032 industria

130 4075 284 4161 pluribus
296 4079 530 4141 occultaverat.
574 4076 651 4152 Qua
664 4077 699 4137 in
714 4096 750 4137 re
775 4076 921 4154 optimos
935 4087 1088 4152 quosque
1103 4085 1224 4132 consu-

197 4189 316 4251 verpus
327 4187 384 4236 Vur.
398 4188 462 4234 Clas.
644 4187 730 4233 Boetia.
1138 4182 1159 4229 C
