2790 4800
489 278 747 329 spinosorum
772 277 843 333 ιιι.
868 281 891 334 ιι
1073 321 1078 331 s
1191 266 1236 331 79

145 423 310 487 educatus
326 421 499 502 alimentis,
514 424 548 487 in
559 423 666 488 virilis
677 425 778 489 animi
793 408 891 490 robur
902 444 1056 492 evaseras
1066 427 1105 490 ‘t‘
1126 424 1233 511 Atqui

144 524 491 591 taliacontuleramus
505 524 619 603 arma}
632 545 717 610 quoe
737 525 803 592 nisi
827 528 940 610 prius³
962 528 1158 612 abjecisses,
1180 528 1231 593 in·
1333 524 1336 528 ’

145 627 237 690 victu
251 629 283 689 te
297 624 451 690 firmitate
466 633 645 692 tuerentur.
688 624 898 710 Agnoscisne
910 630 988 692 mel
1010 627 1101 707 Quid
1112 631 1230 695 tacest

145 727 283 809 pudore,
310 747 352 791 an
375 735 512 812 stupore
537 728 684 792 siluistil
716 730 850 794 mallem
874 730 1020 813 pudore;
1052 731 1112 793 sed
1127 737 1172 809 te,
1194 738 1234 797 ut

46 899 48 902 ,
144 828 252 905 video,
267 835 384 912 stupor
399 831 579 913 oppressit.
623 828 774 912 Cumque
797 849 938 893 menon
959 830 1058 893 modo
1082 833 1231 910 tacitum,

144 929 198 992 sed
214 931 373 1012 elinguem
388 951 525 1016 prorsus
553 936 748 1011 mutumque
767 929 920 1007 vidisset,
943 929 1093 995 admovit
1106 934 1232 1013 pectori

144 1050 216 1094 meo
228 1030 349 1096 leniter
363 1039 523 1108 manum,‘
534 1034 578 1106 et,
596 1029 701 1106 Nihil,
717 1030 835 1111 inquit,
843 1031 987 1113 periculi
1003 1037 1055 1096 est
1065 1027 1095 1096 :f
1112 1034 1232 1099 lethar-

175 1250 188 1274 ⁸
206 1244 269 1292 Puer
278 1243 396 1306 primum
412 1244 496 1294 dds&
505 1245 636 1296 udolescm
643 1261 654 1306 ,·
667 1251 749 1310 posteo
758 1246 966 1312 oirPhttosophss.
998 1247 1010 1282 ὸ
1025 1249 1079 1300 rtet
1088 1251 1234 1300 demum.

144 1479 184 1529 ille
195 1495 220 1532 ss
230 1482 290 1533 edd.
302 1483 456 1536 eedem-s
473 1486 570 1537 Omnes
581 1486 694 1550 codices,
705 1494 816 1554 excepto
827 1488 985 1552 Florentiae,
999 1489 1125 1552 price-4
1143 1492 1235 1555 θυμο-

640 1646 751 1698 Nom

145 1756 296 1808 Christiane
310 1758 371 1808 vitae
382 1757 502 1822 periodos
513 1757 672 1820 describens,
713 1760 721 1787 ‘
741 1758 848 1820 tacitus,
872 1760 919 1809 sed
939 1760 1048 1823 elinguis
1071 1774 1187 1825 prorsus,
1210 1768 1240 1816 st

144 1844 164 1882 ι.
178 1833 237 1882 Cor.
249 1836 274 1881 ³.
286 1833 339 1882 ait:
356 1832 507 1898 ‘Tanquam
519 1833 635 1896 parvulis
647 1833 672 1881 in
713 1840 798 1883 mutus
807 1833 824 1894 3’
840 1834 913 1898 quasi
931 1833 1059 1885 ‘tacitns’
1078 1835 1240 1899 intelligatur

145 1906 248 1957 Christo
266 1908 307 1956 lac
333 1908 407 1957 vobis
428 1917 518 1971 potum
537 1906 607 1969 dedi,
621 1921 672 1962 non
713 1909 754 1972 qui
765 1909 1239 1976 linguamhabenslingoancnutitcrs

144 1995 246 2031 escam:
264 1981 378 2032 nondum
396 1984 464 2032 enim
476 1982 629 2047 poteratis:’
644 1990 672 2034 et
712 1983 857 2048 ‘elinguia'
871 1986 915 2051 qui
933 1987 1018 2050 lingua
1035 1993 1127 2051 captos
1146 1989 1237 2042 saltem

146 2053 229 2106 Hebr.
249 2071 277 2107 v.
294 2059 302 2085 ‘
320 2055 385 2108 facti
404 2050 475 2123 e'stis,
491 2060 583 2124 quibus
602 2060 670 2112 lacte
711 2059 837 2112 balbutire
845 2062 1057 2125 potest3‘motus'
1064 2063 1238 2129 deniqrre,qai

147 2149 212 2198 opos
233 2134 275 2197 sit,
284 2151 334 2186 non
353 2137 436 2188 solido
455 2137 538 2189 cibo?
553 2138 586 2188 asi
602 2138 669 2204 quod
710 2136 855 2186 nullatenus
866 2139 1044 2203 potestloqui.
1077 2139 1120 2189 Sic
1138 2140 1238 2192 Tullius

146 2210 287 2273 respiciens
308 2212 335 2261 S.
354 2213 448 2263 Petrus
471 2214 520 2279 Ep.
537 2227 557 2265 1.
574 2228 631 2278 cap.
644 2217 669 2264 2.
702 2210 777 2278 ‘dixit
792 2211 1023 2275 ‘mutumforum,'
1035 2214 1183 2276 ‘elinguem
1195 2230 1239 2264 cu·

145 2284 325 2336 ‘Sicutmodo
338 2288 419 2351 geniti
434 2287 564 2346 infantes,'
579 2287 673 2352 inquit,
711 2285 792 2347 riam,’
822 2293 850 2335 et
867 2288 992 2335 ‘tacitam
1013 2287 1164 2336 civitatem!
1196 2291 1240 2339 Ds

143 2363 155 2391 -ι
168 2362 320 2429 „pompae
330 2364 385 2415 ,ιω
402 2362 519 2413 (1010120
537 2362 673 2426 concupis.
712 2363 816 2421 stupore
834 2358 934 2407 locotus
951 2358 1075 2421 Virgilius
1087 2359 1183 2422 Georg.
1195 2375 1240 2414 ιιι.

42 2472 46 2479 .
146 2438 209 2500 cite,
227 2445 255 2488 ut
272 2439 299 2491 in
315 2454 347 2490 eo
358 2440 483 2489 crescatis
501 2439 527 2488 in
545 2436 675 2489 salutem?
713 2447 752 2482 vs.
760 2435 817 2481 52⁰.
827 2431 898 2480 canit
908 2430 940 2480 de
948 2433 1036 2493 tauris,
1052 2433 1132 2481 ‘Nou
1144 2435 1240 2485 umbrae

145 2514 199 2564 nac
218 2521 305 2565 autem
328 2514 510 2578 Philosophiae,
527 2520 588 2564 sunt
606 2513 674 2577 prin
713 2507 823 2557 altorum
848 2520 990 2567 nemorum,
1005 2520 1057 2556 non
1078 2507 1165 2557 mollia
1186 2524 1242 2573 poe

144 2589 221 2654 cipis,
237 2606 294 2656 que
313 2592 369 2642 sola
384 2591 462 2640 animi
476 2590 621 2641 attentione
636 2589 673 2638 in·
713 2589 772 2633 tunt
783 2583 865 2632 Prata
876 2595 981 2632 movere
994 2582 1114 2647 animum,
1124 2598 1184 2648 non,
1196 2587 1241 2651 qni

143 2673 295 2729 notescunt3
306 2667 378 2717 cibos
390 2675 477 2717 autem
489 2666 602 2730 gravior,
613 2671 673 2715 sunt
713 2674 760 2724 per
771 2674 832 2708 saxa
844 2659 945 2708 volutus
957 2659 1053 2708 Purior
1062 2661 1161 2710 electro
1172 2676 1241 2712 cam·

144 2743 328 2805 conclusiones,
344 2758 401 2808 qum
413 2758 445 2793 ex
460 2741 586 2808 ejusmodi
603 2743 673 2806 prin.
715 2749 774 2798 pum
788 2734 855 2797 peili
874 2733 972 2782 amuli:
990 2740 1018 2786 hl
1033 2735 1084 2784 ima
1100 2735 1241 2788 Solvuntur

144 2817 218 2879 eipiis
228 2819 317 2882 majori
336 2818 448 2882 quodam
459 2818 549 2867 labore
561 2815 674 2866 inferun-
713 2811 808 2870 littera,
825 2815 903 2874 alque
915 2810 1002 2860 oculos
1013 2816 1105 2873 stupor
1115 2819 1192 2876 lligel
1202 2812 1240 2862 ln·

147 2899 198 2942 tur.
222 2894 328 2942 Deinde
336 2893 426 2942 eadem
436 2892 602 2956 Philosophia
610 2891 675 2941 Boii·
715 2884 800 2935 eries!

145 2967 223 3015 thium
245 2968 390 3027 interrogat
411 2966 444 3016 de
467 2969 588 3030 presenti
606 2974 674 3017 statu
748 2961 1127 3035 ‘Admotitpeotorimeolsm'ter
1134 2964 1243 3026 mosum]

145 3042 212 3091 illins
223 3043 325 3103 mentis,
341 3056 400 3105 quse
411 3055 462 3092 non
474 3043 508 3092 ob
527 3044 603 3092 ulium
614 3057 672 3092 cau.
713 3051 756 3087 ιιι.
764 3037 1045 3101 ΡΙιίΙοιορΙιίιΒοὲιΙιίο
1056 3040 1177 3089 admovet
1187 3054 1241 3088 rna·

147 3131 200 3165 saar
212 3115 309 3167 dicitur
322 3116 456 3176 cecidisse,
474 3117 672 3180 perturbationi·
712 3127 783 3176 num,
798 3120 828 3163 ut
845 3115 989 3165 evidentius
1008 3114 1136 3178 percipiat
1158 3112 1247 3162 morht

146 3194 194 3243 hus
216 3192 292 3251 victa,
308 3208 383 3257 quam
405 3192 472 3257 qrrod
488 3193 617 3257 ‘abjectis
633 3207 672 3243 ar·
712 3190 781 3240 illius
800 3206 912 3241 causam.
944 3192 1114 3241 Sicutauteur
1132 3185 1241 3249 Medici,

147 3269 195 3316 mis
215 3269 421 3332 philosophicis:
436 3269 475 3318 his
494 3270 605 3320 noluerit
625 3270 671 3320 uti.
712 3267 815 3330 cognito
824 3266 1017 3328 corde,bonam
1028 3264 1070 3312 vel
1083 3261 1174 3310 malam
1185 3274 1243 3311 cor·

80 3401 83 3405 ¹
144 3344 152 3371 ⁶
173 3343 264 3392 Arma‘
280 3350 366 3393 auteur
390 3344 435 3393 illa
455 3352 516 3395 sont
538 3351 673 3408 precepta
713 3343 781 3405 poris
798 3340 974 3391 valetudinem
990 3341 1159 3399 cognoscunt,
1173 3335 1242 3399 quod

146 3418 337 3483 Philosophica.
353 3418 673 3481 SedPhiloeophiaeinter·
714 3417 799 3466 cordis
819 3425 904 3466 mutus
927 3426 1005 3462 causa
1027 3412 1060 3461 sit
1088 3411 1241 3476 reliquatus!

147 3495 250 3559 roganti
264 3509 314 3546 non
324 3494 466 3557 respondet
475 3495 612 3555 Boithius,
623 3508 675 3544 non
715 3491 832 3553 corporis
853 3487 1035 3548 affectionum
1062 3487 1099 3538 ita
1126 3488 1242 3541 Philoso-

143 3574 151 3599 ‘
166 3570 277 3635 pudore'
296 3570 411 3636 quidem,
428 3569 472 3634 qui
484 3575 553 3621 teste
564 3569 676 3618 Horatio
717 3566 785 3628 phia,
801 3565 906 3628 cognite
916 3563 1023 3616 hominis
1034 3565 1173 3627 voluntate,
1186 3580 1241 3618 rec.

62 3668 63 3671 ¹
147 3647 282 3712 aliqnando
298 3649 306 3676 ⁴
320 3644 405 3697 infans
421 3645 543 3708 prohibet
561 3643 676 3708 proferi,’
716 3648 768 3690 tam
780 3647 825 3690 aut
837 3654 942 3704 pravam
954 3639 1045 3690 mentis
1057 3640 1241 3704 cogitationem

145 3725 191 3772 sed
206 3723 347 3788 ‘stupore'
357 3723 401 3788 qui
412 3721 480 3786 quod
492 3721 525 3772 sit
537 3720 617 3770 veluti
629 3720 674 3770 du·
716 3716 835 3780 percipit,
852 3716 919 3780 quod
930 3716 1047 3766 voluntas
1058 3730 1138 3766 causa
1152 3717 1186 3765 sit
1200 3729 1242 3764 rs·

145 3799 216 3849 sities
236 3801 338 3863 mentis,
361 3813 420 3865 que
444 3797 521 3848 etiam
543 3797 674 3846 solicitata
714 3789 1241 3858 liquarumcogitationumtamlaurlabi-

148 3888 198 3923 nou
218 3876 307 3937 scutit,
323 3883 463 3940 propterea
487 3881 515 3924 et
537 3873 673 3936 cogitatio·
713 3870 869 3936 lium,quam
881 3868 1241 3934 vituperabilinm,itautuon

149 3961 206 3997 uem
217 3955 244 4000 et
254 3950 421 4011 locutionem,
439 3949 605 4012 cogitationis
624 3949 673 4010 sig·
713 3954 774 3997 unte
785 3947 812 3996 in
823 3959 936 3996 errorem
948 3950 994 3994 eut
1012 3944 1102 3993 vitium
1112 3938 1167 3988 labi
1183 3948 1242 3996 pos·

148 4034 219 4082 num,
236 4021 359 4082 impedit:
375 4025 435 4073 hinc
454 4023 578 4073 Boethius
595 4023 603 4050 ‘
619 4030 673 4072 stu·
713 4021 801 4083 simus,
817 4036 893 4085 qnam
912 4019 1085 4068 voluerimus:
1104 4016 1244 4096 propterea

148 4108 213 4160 pore
234 4100 383 4156 πψτηιαν
404 4095 501 4145 (licitur
525 4111 577 4151 nun
598 4095 675 4147 modo
713 4095 879 4159 Philosophia
899 4107 970 4145 nunc
989 4083 1124 4138 ‘manum’
1147 4083 1242 4140 dtcrtur
