2790 4800
486 294 743 363 eureosorurru
772 304 844 358 ure.
868 304 893 350 r.
1193 289 1236 352 81

142 447 227 531 ejus,
241 447 450 515 mortaliums
467 464 572 516 rerum
594 446 682 515 nube
706 444 897 528 caligantia,
922 450 1100 528 tergamus.
1146 446 1234 513 Haec

142 550 243 627 dixit,
258 548 439 631 oculosque
452 567 543 612 meos
552 547 688 618 fletibus
701 549 880 625 undantes,
892 554 1061 621 contracta
1070 549 1106 614 in
1118 569 1234 632 rugam

147 656 247 727 veste,
264 645 413 715 siccavit.

174 796 190 838 s
204 798 360 847 Coducurunr.

636 860 742 912 NOTAE

144 959 254 1008 caducas
284 957 434 1010 afficeretur
455 959 575 1017 tristitia,
598 959 670 1020 enjus
712 956 1092 1020 phirisorntiouecnnjnnetis:
1109 958 1238 1021 uannip-

144 1034 216 1097 signu
235 1045 294 1083 sunt
311 1033 423 1083 ‘fletus'
457 1034 593 1082 Prreteren
612 1031 673 1079 Phi·
714 1047 749 1095 pe
766 1035 936 1096 cogitationes
958 1050 1017 1084 cnm
1035 1033 1130 1097 verbis,
1147 1036 1239 1098 quibus

144 1109 259 1172 losophia
269 1109 276 1136 ‘
287 1107 391 1157 oeulos’
404 1106 510 1155 Boethii
520 1109 528 1134 ⁴
538 1114 673 1166 contracte
713 1110 851 1172 significari
862 1114 954 1172 solent,
966 1113 1003 1160 ite
1013 1112 1161 1174 conjunctu
1173 1120 1242 1173 sunt,

144 1186 170 1234 in
180 1198 270 1246 rugum
281 1190 355 1232 veste
365 1182 489 1230 abstersit
498 1174 673 1246 siccavitque!
713 1190 744 1232 ut
761 1185 900 1246 saepissime
917 1186 963 1234 bas
983 1186 1164 1248 cogitationes,
1180 1199 1241 1247 uon,

144 1259 308 1309 ‘Abstersit’
319 1257 421 1320 quidem
432 1255 674 1321 et‘siccnrit,’quin
714 1258 764 1307 nisi
784 1261 869 1309 verbis
887 1261 914 1309 iu
932 1261 1079 1315 memoriam
1102 1261 1242 1322 revocatis,

145 1340 259 1382 mentem
271 1331 342 1380 exuit
358 1330 597 1393 perturbationibus
609 1347 674 1395 prae·
713 1334 896 1385 recordemurr
914 1351 991 1399 suprn
999 1345 1084 1386 autern
1092 1335 1190 1385 dietum
1202 1346 1242 1386 est

147 1408 239 1471 ripum,
259 1406 328 1455 unde
350 1406 484 1470 praedIetae
510 1407 624 1457 tenebrae
646 1414 674 1457 et
713 1415 800 1458 restes
812 1411 985 1477 Philosophia
1002 1426 1059 1462 esse
1071 1427 1146 1462 voees
1158 1413 1240 1477 philo·

146 1483 274 1534 tristitiae:
290 1481 460 1532 ‘contracta'
482 1495 545 1532 vero
567 1483 609 1532 ‘in
631 1497 673 1532 ru·
713 1485 842 1547 sophicos.

148 1575 206 1623 gum
223 1557 312 1620 veste,'
329 1559 378 1608 boc
394 1566 445 1620 est,
461 1557 546 1608 verbis
563 1560 673 1624 pbiloso-

545 1931 757 1999 METRUM
779 1935 849 2002 111.

192 2095 299 2161 Tunc
315 2095 388 2160 meh
411 2097 566 2163 discussa
579 2099 744 2185 liquerunt
757 2103 856 2167 nocte
871 2103 1031 2180 tenebrae,

237 2197 495 2281 Luminibusque
510 2200 600 2282 prior
613 2200 713 2266 rediit
727 2202 838 2283 uigor:

154 2285 162 2337 ἲ
195 2297 244 2362 Ut
258 2296 350 2361 euml
372 2299 541 2381 praecipiti
555 2301 775 2381 glomerentur
790 2299 902 2364 sidere
917 2300 1019 2379 (loro,

240 2400 480 2482 Nimbosisque
493 2401 595 2483 polus
611 2401 703 2464 stetit
718 2400 912 2479 insubribus,m
962 2445 964 2449 «

186 2547 257 2606 rene,
268 2545 346 2608 inquit
360 2544 484 2604 Bcitlrlur,
498 2544 599 2594 tenebra
608 2544 763 2596 discentrum
773 2561 789 2596 u
799 2561 843 2610 mc,
853 2547 957 2607 caligine
967 2546 1092 2610 discipata,
1100 2552 1124 2596 et
1134 2547 1179 2597 lux
1187 2545 1248 2610 prir-

151 2613 203 2662 tino
220 2612 319 2662 reuertit
328 2610 401 2660 oerrlie
416 2609 489 2659 meir:
505 2611 695 2672 quemadmodem
711 2613 801 2674 pronde
811 2613 887 2661 rtellae
897 2613 1073 2660 inuoluunlnru
1086 2614 1147 2661 Coro
1157 2613 1250 2676 rapido,

151 2677 328 2736 renteoceiduo,
339 2680 363 2724 et
374 2675 457 2724 mnus
468 2675 560 2724 relntw
578 2673 677 2724 selibur
695 2677 829 2738 pluviarum
843 2676 972 2738 fecunde,
990 2676 1034 2726 Sol
1045 2677 1208 2739 discorditer,
1224 2682 1248 2725 et

647 2788 754 2838 NOTAE

182 2885 196 2919 ¹¹
214 2888 279 2936 Tunc
290 2886 338 2948 me]
355 2886 433 2935 biens
453 2883 558 2932 Bolitlrii
579 2891 681 2946 pertur-
757 2887 925 2947 Glomermrtur
935 2886 1026 2951 Meu]
1041 2885 1196 2945 ‘Glomero'
1210 2884 1249 2935 di-

153 2960 300 3009 butionibus
320 2961 457 3008 obscurata
473 2972 545 3008 suum
562 2959 633 3019 prinu
644 2959 680 3006 lu·
722 2961 791 3010 citur
800 2963 928 3025 eglomns,
938 2978 970 3013 rm
978 2962 1157 3026 pelolesdefile
1167 2976 1249 3026 quere

153 3053 211 3088 meu
221 3039 357 3088 emiserat:
370 3051 420 3084 non
430 3050 503 3085 seem
512 3035 617 3085 neoculi
625 3049 681 3083 eor·
723 3049 781 3084 curn
792 3037 890 3100 glomus
898 3052 931 3087 ex
943 3051 974 3089 en
985 3035 1116 3101 fietquod
1124 3036 1196 3085 iilum
1206 3033 1251 3085 file

153 3113 475 3178 poris,nccedentenocte,
481 3113 595 3162 tenebris
603 3113 682 3162 invol·
721 3111 875 3161 circumacto
886 3112 1042 3172 involvetur,
1052 3106 1169 3159 ‘sidera’
1182 3120 1250 3166 nunc

154 3195 259 3239 vuutur.
290 3188 342 3238 Sed
364 3190 408 3237 rix
435 3188 612 3252 Philosophia,
633 3203 681 3238 ceu
722 3186 843 3236 dicuutur
861 3184 1033 3252 ‘glomerari’
1047 3182 1114 3248 quud
1133 3181 1191 3230 lraec
1206 3195 1252 3245 nn·

153 3279 248 3314 norum
265 3265 346 3324 sidus,
360 3265 475 3325 emicuit,
493 3280 550 3315 cnm
568 3264 681 3329 ejusdem
721 3260 796 3311 bibus
824 3257 1092 3324 circumfundentibus
1120 3254 1253 3318 involvun-

154 3341 258 3391 Boiirbii
271 3355 351 3401 meus,
358 3341 596 3404 perturbationibus
607 3342 682 3390 sede·
721 3341 776 3386 tur.
793 3337 887 3399 Neque
899 3334 968 3395 enlm
977 3329 1176 3394 pntundumest,
1185 3330 1252 3383 Boe-

154 3420 200 3478 tis,
210 3432 256 3467 suo
269 3417 348 3480 priori
358 3418 453 3467 lumine
464 3423 583 3466 recreem
593 3417 683 3479 coepit,
723 3411 806 3474 thium
817 3410 980 3469 existimesne
988 3407 1074 3468 stelles
1082 3421 1160 3472 pesse
1170 3407 1253 3471 vetitis

153 3503 183 3544 ut
195 3501 255 3543 note
267 3499 448 3551 consueverat,
460 3490 556 3539 videre.
638 3525 641 3529 .
725 3484 764 3534 ite
778 3483 923 3544 moreri,ut
941 3481 1031 3540 iisdem
1048 3481 1080 3534 ed
1095 3498 1124 3537 se
1140 3484 1251 3547 invicem

186 3569 245 3619 ’δέ
260 3567 325 3631 cuer]
350 3567 454 3616 Eximio
471 3563 613 3614 similitudo
631 3564 685 3613 sire
725 3558 909 3619 accedentibus
920 3554 1046 3622 quoddam
1062 3556 1110 3623 fiet
1119 3560 1252 3624 stellnrpqr

154 3645 238 3696 oratio
250 3645 390 3694 traducens
408 3642 440 3692 nd
457 3648 568 3690 mentem
587 3654 618 3687 ex
630 3652 685 3688 eur·
725 3648 825 3697 agmen.
858 3633 916 3683 Hoc
937 3632 994 3683 fere
1017 3635 1093 3693 modo
1107 3636 1209 3700 virgil.
1232 3649 1253 3687 ι.

155 3721 326 3784 pore-dispari
337 3719 441 3770 similer
459 3718 500 3766 bie
515 3724 601 3778 entem
615 3722 686 3765 terra
725 3711 824 3774 Georg.
841 3726 879 3760 vs.
897 3715 954 3763 32³.
974 3711 1062 3762 canit:
1085 3713 1141 3762 ‘Et
1158 3711 1252 3785 lisdem

156 3794 238 3848 refert
257 3807 387 3857 mentem3
403 3794 459 3856 Sel,
478 3792 683 3855 Philosophiam
725 3790 871 3853 glomerant
903 3794 1085 3852 tempestatem
1126 3786 1252 3846 imbribus

156 3870 247 3932 nubes,
269 3872 495 3934 perturbationem
512 3869 592 3930 venti,
610 3868 684 3931 spiri·
725 3867 788 3915 atris
802 3867 926 3917 Collectae
936 3881 969 3915 ex
981 3866 1034 3916 ulto
1046 3866 1146 3914 nubes.’

158 3950 200 3991 tus
210 3946 430 4004 perturbationum
441 3954 579 4008 parentem
597 3958 647 3993 nox
658 3950 685 3992 et
759 3943 831 4006 Coro]
847 3943 938 4004 Corus,
959 3942 1014 3990 sive
1033 3940 1142 3994 Caurus,
1161 3938 1255 3980 ventus

159 4018 214 4065 dies
226 4020 326 4090 alterni,
335 4024 448 4070 alternas
460 4022 645 4084 ignorationem
658 4031 686 4069 et
726 4025 766 4066 est
776 4016 841 4066 flans
853 4017 884 4065 nb
897 4017 1000 4064 Occasu
1013 4013 1118 4060 aesrivo:
1137 4006 1204 4091 unde
1214 4006 1255 4056 ille

157 4090 358 4151 intelligentium
371 4093 499 4145 referunt.
727 4100 819 4143 sentus
837 4093 874 4143 sic
887 4087 1033 4140 contrarius
1048 4091 1089 4131 est
1105 4087 1255 4145 metimque

228 4169 348 4231 uererer
364 4171 420 4219 re.
433 4172 498 4220 cnr.
667 4172 755 4227 unser.
1172 4162 1193 4210 F
