2790 4800
508 277 764 326 PHILOSOPHIAE
789 277 862 325 ulls.
884 277 908 324 l.

299 419 385 497 Quis
399 420 512 505 volvat
524 420 682 485 stabilem
696 422 834 504 spiritus
850 422 990 499 orbem:

298 518 365 584 Vel
381 541 440 586 cur
453 521 643 606 Hesperias
657 522 751 588 sidus
765 524 798 588 in
812 523 923 588 undas

167 714 213 748 aaa
231 713 295 749 amus
309 715 337 750 uc
355 702 461 764 quirum
477 701 575 766 apiritm
593 706 714 752 occentet
733 705 814 752 celum
830 708 948 764 condunt,
966 708 1009 752 ant
1032 714 1104 765 quare
1122 707 1211 752 atram
1229 704 1256 752 ia

656 830 764 881 NO'PAE

167 923 284 975 Euxinot
308 925 356 975 nisi
379 933 464 976 tamen
487 927 543 990 ipae
574 924 690 974 Euxinus
730 925 814 973 sidera
836 925 954 975 oriantur
973 931 1000 974 et
1020 924 1150 988 occidant,
1170 941 1257 978 uerum

167 998 268 1048 dicatur
296 1002 404 1063 Pontus,
424 1016 458 1051 ex
479 1015 511 1049 eo
534 999 604 1062 quod
622 1013 692 1048 mure
732 1001 808 1048 etiam
820 1014 867 1048 cur
882 1002 890 1027 ⁴
903 999 1010 1049 rutilus’
1027 1000 1206 1049 siteoruudem
1218 1017 1258 1053 or·

166 1089 240 1123 omne
250 1077 513 1135 nominaturPoutus,
522 1072 695 1124 forteaedvus
734 1081 785 1123 tus.
818 1075 933 1124 Primum
958 1074 1062 1139 quidem
1090 1076 1187 1124 ‘volvit
1206 1085 1257 1127 stu-

165 1151 250 1211 labor,
266 1153 386 1214 quoniam
405 1152 511 1214 plenum
531 1156 570 1199 est
591 1151 695 1202 lebonis.
735 1148 811 1199 bilem
823 1150 912 1199 orbem
921 1150 938 1198 ι’
951 1153 1010 1215 qnia
1019 1151 1147 1200 convertit
1158 1152 1260 1214 coelnm,

167 1225 262 1288 virgil.
271 1225 328 1274 Ecl.
335 1237 376 1273 rx.
385 1230 468 1275 vest.
481 1226 489 1254 ‘
501 1227 535 1274 Et
544 1241 611 1276 nuuc
619 1238 696 1276 omne
735 1225 804 1289 quod
823 1239 882 1274 curn
904 1225 993 1276 eadem
1012 1235 1114 1289 semper
1131 1227 1259 1290 maguitu-

168 1299 219 1349 tlbl
237 1305 348 1349 stratum
364 1302 425 1352 silet
444 1316 542 1367 equor,
562 1307 696 1365 etomoes,
736 1301 805 1364 dine,
819 1299 909 1364 figura,
927 1308 954 1350 et
969 1303 1091 1365 motione,
1118 1314 1196 1350 sensu
1218 1301 1261 1366 ju·

169 1373 276 1438 Aspice,
293 1378 392 1426 ventosi
401 1377 550 1428 ceciderunt
561 1379 697 1429 murmuris
736 1376 803 1439 dice,
820 1374 957 1439 afficiatur,
975 1376 1073 1427 idcirco
1091 1377 1187 1426 dicitur
1207 1383 1259 1428 tls·

170 1451 259 1501 aure!
291 1451 324 1502 Et
335 1452 390 1504 Ecl.
403 1467 442 1502 vr.
455 1469 491 1503 vs.
502 1459 542 1504 35.
559 1456 638 1504 ‘Turn
650 1454 696 1504 du·
737 1453 801 1504 biles
813 1453 1262 1518 proptereaenimterruipsa‚mara,

169 1539 228 1576 rare
245 1529 335 1591 solum,
346 1536 374 1579 et
382 1529 527 1581 discludere
538 1532 623 1581 Nerea
633 1546 695 1596 pon·
738 1536 766 1579 et
781 1529 834 1590 uir,
852 1530 877 1578 iu
896 1529 988 1593 qulbus
1008 1535 1093 1578 tamen
1112 1543 1205 1592 magua
1220 1535 1262 1578 est

169 1602 214 1652 to.’
246 1605 285 1653 Ex
295 1605 386 1671 quibus
396 1614 466 1670 patet
478 1609 555 1673 quem
563 1608 695 1672 ingeniose
737 1604 875 1655 formarum
902 1604 1062 1667 vicissitudo,
1081 1603 1187 1653 stabilia
1204 1617 1261 1652 ccr-

169 1679 239 1730 venli
253 1679 372 1730 dicantur
386 1681 551 1733 ‘suliciture’
570 1685 624 1733 aive
641 1691 694 1733 tur·
736 1695 799 1745 pore
817 1689 950 1734 vocantur.
991 1677 1095 1729 Deinde
1114 1692 1192 1727 causa
1212 1682 1262 1740 eat,

169 1753 232 1804 bare
251 1755 376 1820 ‘aequora
397 1757 477 1807 Ponti
486 1756 502 1808 ι’
525 1773 584 1808 cum
607 1772 695 1822 aequor
736 1752 1263 1806 cursideraorianturetoccldant:sicut

170 1831 274 1894 propriu
293 1845 344 1880 non
364 1838 418 1881 tum
438 1847 510 1882 mure
528 1839 696 1897 notet,quam
737 1832 803 1880 enim
817 1832 932 1881 navisub
952 1847 992 1894 eu,
1009 1847 1061 1897 qua
1081 1827 1263 1880 circumfundi·

170 1905 227 1967 ejus
239 1905 384 1967 planitiem,
398 1919 456 1969 quae
473 1905 596 1957 flantibus
613 1909 696 1957 ventis
737 1911 789 1967 tur,
804 1921 871 1970 aqua
887 1907 1024 1971 abripitur,
1039 1907 1077 1956 ita
1088 1906 1185 1968 sidera,
1195 1919 1262 1969 pre·

174 1978 304 2030 turbatur.
738 1983 827 2032 sertim
838 1997 927 2047 opace,
938 1982 1079 2047 cujusmodi
1093 1988 1155 2031 suut
1169 1981 1262 2030 Plane·

205 2052 370 2108 'insuolaat
382 2053 488 2104 stabilem
498 2056 597 2120 spiritua
607 2057 695 2122 urbem]
738 2065 782 2121 tre,
803 2066 830 2107 et
850 2059 974 2119 Comete,
990 2059 1023 2108 ab
1039 2073 1071 2109 eo
1088 2072 1138 2123 quo
1154 2057 1262 2106 circnm-

174 2128 333 2178 uncturus
347 2129 455 2181 additae
467 2135 695 2197 cognovisseillum
737 2130 888 2195 funduntur,
907 2135 1000 2198 spiritu
1016 2134 1134 2184 converti
1150 2138 1263 2197 possunt.

174 2204 293 2254 Universi
304 2206 513 2272 spiritumquem
525 2208 611 2273 Plato,
624 2211 696 2260 Aris·
738 2208 829 2259 Poetae
842 2216 928 2258 eutem
948 2217 1033 2259 ortum
1051 2209 1203 2270 obitumque
1222 2221 1263 2256 uu·

174 2281 277 2340 totelea,
299 2282 400 2343 Cicero,
416 2283 540 2347 Virgilius
560 2286 698 2350 pluresque
738 2289 837 2332 trorum
846 2283 1097 2343 describentea,bec
1108 2289 1137 2330 et
1148 2282 1182 2329 ab
1193 2281 1264 2345 equis

174 2371 207 2407 eu
226 2357 337 2421 antiquis
358 2359 504 2408 auctoribus
523 2369 699 2423 agnoverunt:
740 2370 882 2418 emergere,
892 2363 920 2404 et
939 2357 965 2404 iu
982 2371 1061 2419 aquas
1072 2366 1267 2418 peractocnrse
1306 2412 1315 2419 ‚

176 2431 220 2495 qui
237 2432 341 2496 quidem
356 2433 463 2497 spiritus
481 2434 545 2482 nibil
563 2442 604 2484 est
624 2435 702 2496 uliud,
742 2430 838 2480 reverti
863 2430 979 2494 fingunt:
1006 2431 1045 2479 sic
1068 2430 1160 2478 aiunt:
1185 2429 1266 2478 ‘Eois

175 2521 250 2571 quam
262 2520 354 2571 corpus
365 2508 493 2572 quoddam
502 2508 701 2573 subtilius,quod
743 2522 794 2572 qua
802 2507 846 2557 Sol
854 2507 971 2570 exsurgit
978 2507 1012 2556 ab
1021 2505 1129 2555 undis.'‘
1141 2506 1204 2555 Sese
1212 2506 1266 2556 alto

173 2596 222 2646 per
232 2590 320 2632 cetere
331 2598 439 2648 corporo
447 2582 567 2633 diffusum
578 2585 634 2634 baec
640 2585 702 2649 jux·
742 2599 793 2649 que
801 2585 903 2647 gurgite
916 2584 1009 2632 tollunt
1019 2582 1085 2632 Solis
1097 2580 1173 2646 equi!
1189 2581 1266 2631 ‘Cro-

174 2665 203 2708 tt
218 2660 289 2723 leges
308 2667 391 2710 motus
412 2676 428 2709 e
447 2661 503 2709 Deo
519 2661 576 2725 ipso
587 2668 700 2712 statutus
741 2675 816 2711 ceum
828 2661 943 2723 linquens
955 2657 1056 2706 Auroru
1066 2655 1169 2709 cubile.'
1185 2656 1266 2714 ‘Ruit

173 2736 699 2800 moret.Virgilffln.vr.vs.'124.‘Priu·
741 2737 849 2787 Oceano
866 2735 933 2782 nox!
965 2734 1026 2783 ‘Sol
1042 2747 1143 2797 qnoque
1159 2737 1187 2780 et
1204 2745 1266 2781 exo·

173 2811 241 2874 cipio
261 2813 363 2873 coelum,
379 2828 411 2862 ac
433 2821 525 2876 terras,
543 2829 700 2878 camposque
740 2814 809 2862 riens
821 2817 917 2861 etcum
929 2825 956 2860 se
968 2809 1266 2871 condetiuuudua,’&c.

175 2885 311 2950 liquentes,
324 2889 515 2952 burcenlernque
532 2890 635 2952 globum
651 2891 700 2938 Lu·
740 2888 870 2951 iidemque
881 2901 960 2950 aquas
970 2887 1060 2936 illasio
1071 2901 1133 2950 quus
1144 2884 1228 2935 sidera
1238 2899 1266 2934 te

176 2961 391 3024 nae,Titaniaque
413 2971 484 3011 astra
503 2964 614 3026 Spiritus
634 2966 702 3013 intus
743 2965 867 3025 condunt,
883 2972 973 3014 vocant
991 2964 1171 3028 ‘Hesperiae’
1188 2953 1221 3013 ab
1236 2977 1268 3012 eu

177 3034 235 3094 alit,
253 3040 385 3098 totamque
395 3034 478 3085 infusa
487 3051 533 3100 per
544 3045 615 3087 artus
627 3039 703 3088 Mens
743 3040 886 3104 stellaque
903 3049 1009 3090 vocatur
1028 3041 1177 3104 Hesperus:
1193 3037 1268 3087 ‘iuli’

179 3109 264 3172 agitet
281 3111 383 3171 molem,
404 3118 431 3161 et
449 3126 540 3175 magno
556 3126 583 3161 se
595 3128 703 3177 corpore
743 3121 800 3165 ma'
815 3117 993 3181 euimlnquit
1003 3117 1108 3166 Tulin.
1120 3115 1153 3162 de
1164 3113 1268 3163 Nato.

177 3185 279 3235 miscet.
313 3183 514 3237 Indebominum
526 3188 704 3254 pecudumque
743 3193 872 3257 ‘quinque
892 3192 1033 3242 errantium
1050 3197 1178 3249 terraeque
1194 3199 1269 3247 prox·

179 3267 269 3323 genus,
295 3261 405 3326 vitatque
429 3264 569 3325 volentum,
593 3266 627 3314 Et
645 3281 701 3329 quae
740 3268 792 3316 ima
813 3268 888 3316 stella
915 3264 1035 3322 Veneris,
1063 3276 1122 3323 quae
1149 3257 1270 3324 φωσφόρος

179 3350 321 3386 marmoreo
335 3336 387 3387 sert
409 3348 521 3388 monstra
533 3342 579 3390 sub
598 3356 702 3404 aequore
742 3345 846 3403 Graece,
856 3339 960 3389 Lucifer
980 3337 1072 3385 Latine
1088 3335 1193 3399 dicitur,
1210 3351 1268 3386 euru

179 3413 289 3472 Pontps.
322 3412 416 3476 lgneus
437 3422 477 3463 est
495 3415 551 3463 ullis
574 3416 657 3478 vigor,
676 3422 705 3465 et
744 3419 924 3482 antegreditur
943 3414 1045 3462 Solem:
1064 3427 1123 3461 cum
1140 3412 1270 3479 subsequi-

178 3490 292 3539 coeleatis
311 3489 384 3551 origo
405 3488 564 3537 Seminibus:
581 3500 705 3551 quantum
747 3500 897 3552 currentem,
916 3486 1064 3552 Heapenrs.'
1097 3489 1268 3553 UndeVirgil.

178 3580 230 3615 non
241 3564 320 3613 noxia
331 3577 441 3626 corporo
457 3562 572 3623 tardant,
588 3564 706 3612 Terreni·
748 3569 804 3617 Ecl.
816 3581 844 3616 x.
865 3569 948 3615 vell.
975 3563 1033 3613 ‘lte
1049 3562 1149 3614 domum
1166 3572 1272 3622 sature,

179 3656 230 3708 qne
252 3640 377 3691 bebetunt
399 3646 480 3699 artus,
503 3638 706 3702 moribundaque
745 3640 1270 3705 veuitHesperua,itecapellae.'Denlque

178 3718 303 3769 membru.
316 3717 520 3776 Hiuumetuuut,
532 3716 706 3779 cupiuntque;
745 3720 812 3769 idem
824 3719 929 3782 spiritus
939 3716 1043 3767 efficere
1053 3724 1138 3781 potest
1147 3732 1193 3767 cur
1209 3719 1217 3746 ⁴
1230 3730 1270 3765 cr-

180 3795 277 3857 doleut,
298 3794 480 3859 gaudentque:
499 3807 547 3841 nec
563 3807 637 3841 auras
657 3794 706 3842 Re·
745 3796 801 3846 tus'
817 3796 928 3845 siderum
944 3794 978 3842 sit
994 3793 1117 3856 ‘rutilum’
1139 3789 1271 3841 densando

181 3871 302 3934 spiciunt,
320 3871 414 3919 clause
427 3869 539 3918 tenebris
558 3875 586 3918 et
602 3883 706 3918 carcere
743 3875 844 3924 scilicet
861 3873 902 3922 vel
914 3871 1055 3920 relaxando
1067 3869 1157 3927 nubea,
1168 3865 1272 3928 quibua,

183 3945 269 3994 catto?
302 3945 370 3994 Hinc
382 3945 620 4007 Philosophianunc
628 3945 706 3995 docet
744 3951 841 4001 lumine
857 3949 928 3998 varie
947 3946 1102 4006 rnodificato,
1120 3941 1185 3993 varii
1203 3939 1272 3988 exhi·

186 4021 302 4080 spiritnm
321 4020 391 4068 illum
406 4021 525 4068 ‘volvere
539 4021 657 4069 stabilem
668 4034 708 4069 or·
746 4027 802 4078 beri
814 4029 922 4090 possunt
931 4024 1039 4072 colores·

186 4091 260 4142 bern’
276 4099 303 4140 et
319 4106 419 4143 causam
429 4107 486 4144 ease
497 4108 547 4144 nou
565 4097 647 4145 tolum
663 4110 709 4147 cur
