2790 4800
539 289 772 338 TESTIMONIA
797 291 996 343 ventorum

535 558 716 624 NONUM
740 560 1003 641 SAECULUM3

452 727 618 791 Nimirum
634 730 678 792 ab
695 749 781 792 anno
794 728 869 793 800.
885 728 928 792 ad
944 747 995 791 an.
1010 729 1087 792 000.
1114 803 1117 810 ¹

781 887 810 949 Ι.

264 1023 354 1099 Ado,
369 1021 572 1086 Viennensis
595 1019 894 1103 ArchiepiscopuS,
909 1022 969 1103 qui
990 1019 1189 1083 breviarium
1210 1019 1314 1083 Chro-

220 1127 369 1189 uicorum
379 1124 421 1185 ab
437 1124 559 1203 origine
572 1121 693 1186 Mundi
705 1123 747 1185 ad
757 1143 818 1186 sua
829 1142 937 1204 nsque
949 1129 1101 1204 tempora
1112 1121 1313 1204 productum

219 1225 420 1308 composuit,
435 1225 576 1306 loquens
592 1226 633 1289 de
649 1224 672 1288 J
674 1245 779 1289 oanne
795 1226 934 1288 Summo
947 1223 1115 1288 Pontifice
1127 1225 1190 1289 ait:
1206 1224 1313 1287 ‘Cum

219 1327 349 1390 rediens
366 1325 563 1389 Ravennam
578 1327 738 1408 venisset,
764 1324 993 1390 Theudoricus
1017 1347 1189 1390 eumcum
1211 1325 1313 1388 comi-

219 1428 308 1492 tibus
334 1428 456 1491 oeteris
480 1427 626 1489 carceris
653 1425 835 1490 afflictione
857 1427 1006 1508 peremit,
1030 1427 1159 1490 invidia
1182 1427 1312 1502 ductuS,

219 1529 299 1610 quia
314 1527 497 1592 Catholicae
514 1527 647 1609 pietatis
672 1527 828 1590 defensor
850 1526 872 1590 J
876 1528 1009 1591 ustinus
1034 1547 1110 1590 eum
1132 1526 1311 1589 honorifice

217 1633 432 1714 suscepisset.
478 1628 556 1707 Quo
578 1635 728 1711 tempore
754 1629 990 1712 Symmachum
1015 1637 1115 1711 atque
1131 1628 1311 1692 Boethium

217 1733 409 1796 consulares
424 1733 592 1813 viros'pro
619 1730 795 1795 Catholica
818 1733 943 1815 pietate
966 1729 1054 1794 idem
1078 1728 1309 1794 Theudoricus

218 1833 363 1897 occidit!

738 1950 789 2013 II.

259 2080 471 2159 Anastasius
483 2081 690 2165 Apostolioae
700 2083 911 2148 bibliothecae
925 2089 1037 2148 custos
1048 2091 1084 2146 et
1098 2083 1309 2157 instaurator,

216 2182 275 2264 qui
294 2188 473 2263 propterea
496 2185 616 2248 dicitur
643 2184 934 2258 Bibliothecarius,
959 2185 992 2246 in
1016 2203 1079 2247 sua
1105 2182 1308 2245 Pontificum

215 2282 367 2347 Historia
383 2285 426 2348 ad
440 2285 607 2349 loannem
624 2303 648 2349 r.
671 2285 743 2348 haec
759 2283 799 2346 de
814 2283 961 2347 Boethio
977 2285 1113 2348 scribit:
1138 2281 1309 2357 ‘Eodem’

214 2385 333 2468 inquit,
348 2391 526 2470 ‘tempora
537 2407 613 2449 cum
627 2385 662 2448 hi
678 2386 907 2469 suprascripti,
923 2386 956 2449 id
973 2392 1035 2463 est,
1047 2386 1146 2468 Papa
1158 2384 1307 2448 loannes

214 2506 289 2549 cum
303 2487 532 2562 SenatoribnS,
559 2486 732 2549 Theodoro
747 2486 947 2566 exconsule,
968 2488 1162 2570 Importuno
1185 2505 1309 2549 excon-

215 2587 297 2659 sule,
313 2583 459 2670 Agapito
475 2587 668 2661 exconsule,
683 2584 844 2670 (Agapito
861 2588 1009 2652 Patricio
1028 2587 1188 2650 defuncto
1204 2586 1308 2648 Thes-

214 2685 404 2767 salonicae)
417 2690 522 2770 positi
537 2695 651 2752 essent
663 2685 973 2771 Constantinopoli,
982 2687 1209 2750 Theodoricus
1224 2683 1305 2746 Rex

213 2786 389 2849 haereticus
412 2791 517 2852 tenuit
532 2790 618 2853 duos
642 2789 821 2852 Senatores
841 2788 1023 2871 praeclaros
1049 2796 1083 2851 et
1098 2786 1308 2860 exconsules,

214 2886 447 2969 Symmachum
461 2897 495 2953 et
509 2892 703 2968 Boethium,
719 2896 752 2954 et
767 2892 892 2955 occidit
905 2890 1109 2955 interficiens
1124 2885 1255 2970 gladio?

502 3116 734 3184 unciarum
758 3068 1023 3199 smcuumug

430 3287 596 3352 Nimirum
611 3292 653 3354 ab
669 3310 756 3354 anno
771 3291 847 3355 900.
865 3289 909 3353 ad
925 3309 978 3354 an.
997 3291 1092 3355 1000.
1207 3265 1209 3271 Ι

257 3452 343 3516 Cum
369 3457 610 3522 ossa'Bo'ethii
633 3458 745 3522 multis
759 3457 879 3520 abhinc
904 3459 1039 3522 saeculis
1054 3457 1206 3540 jacerent
1230 3476 1309 3536 ueg-

212 3551 304 3614 lectu
320 3557 507 3634 temporum
529 3560 636 3622 minus
661 3558 836 3636 honorata,
865 3558 955 3622 Otho
980 3560 1096 3624 tertius
1122 3559 1308 3637 Imperator

212 3651 328 3714 eadem
357 3673 517 3721 marmore
551 3658 673 3723 includi
698 3660 822 3742 jussit:
868 3660 1032 3742 inscripto
1068 3658 1188 3739 elogio,
1216 3659 1306 3738 qUOd

213 3754 403 3835 composuit
429 3755 626 3822 florbertus
675 3759 858 3825 Ravennas
893 3759 1194 3842 Archiepiscopus‚
1232 3759 1308 3823 Ma·

211 3856 312 3938 gister
328 3854 409 3918 olim
423 3855 578 3939 Augusti,
592 3861 622 3922 is
639 3862 697 3944 qui
711 3861 870 3925 Summus
885 3860 1045 3925 Pontifex
1066 3865 1208 3937 creatus,
1232 3861 1307 3944 Syl-

211 3968 320 4026 vester
335 3959 504 4024 secundus
520 3960 629 4041 dictus
648 3968 710 4040 est,
726 3963 850 4046 quique
874 3982 940 4027 non
962 3980 1060 4026 secus
1083 3982 1124 4027 ao
1143 3961 1307 4027 Boethius
