2790 4800
158 268 201 332 34
563 278 606 326 ΒΟ
614 278 714 326 llTllll
740 279 842 327 VITA.

157 427 239 490 luit:
272 423 537 504 Theophrastum
558 421 647 501 dico,
663 421 857 500 Eudemum,
873 422 1115 503 Andronicum,
1136 423 1246 508 Aspa

158 530 256 604 sium,
286 525 495 600 Herminum,
521 522 760 600 Alexandrum,
792 524 981 607 Syrianum,
1013 526 1247 609 Porphyrium,

156 629 396 706 Themistium3
433 624 475 688 de
500 644 640 707 quorum
662 625 846 702 sententiis,
871 632 1029 711 tanquam
1052 629 1246 692 honorarius

155 731 287 806 arbiter,
301 727 473 811 dijudicat.
518 724 709 790 Attestatur
727 725 790 790 boc
808 729 977 809 expositio
993 730 1028 793 in
1042 730 1162 795 librum
1171 721 1249 793 Ari·

156 833 282 899 stotelis
299 831 341 894 de
356 829 605 905 Euuntiatione,
620 833 687 892 tam
700 830 810 913 prima
823 829 967 908 duobus,
982 851 1084 914 quam
1099 830 1248 895 secunda

154 955 214 998 sex
227 934 323 997 libris
339 931 514 1009 absoluta;
534 931 724 1012 inquorum
740 933 837 995 tertio
853 950 927 997 cum
946 933 988 996 de
1002 933 1107 996 tribus
1120 934 1248 996 contin-

156 1037 301 1117 gentium
315 1033 428 1097 modis
444 1052 481 1095 se
493 1031 610 1095 melius
626 1031 806 1114 scripsisse
821 1032 915 1096 dicat
929 1034 963 1097 in
976 1032 1067 1097 libris
1076 1032 1245 1116 Physicis,

157 1134 398 1220 suspicandum
415 1133 558 1215 reliquit,
574 1152 611 1196 se
632 1132 829 1197 Naturalem
844 1154 978 1218 quoque
993 1133 1245 1216 Philosophiam

155 1237 364 1300 enucleasse.
391 1232 516 1296 Verum
531 1232 692 1297 hactenus
706 1242 775 1298 tarn
789 1233 824 1298 hi
839 1235 1066 1325 desiderantur
1080 1254 1247 1300 commen-

153 1339 242 1414 tarii,
268 1337 346 1401 licet
369 1335 492 1398 suerint
514 1335 704 1399 Tarvisium
725 1336 803 1400 hinc
821 1356 928 1422 nuper
951 1338 1124 1420 asportati,
1147 1357 1247 1421 quam

153 1439 204 1502 illi
214 1458 299 1521 quos
314 1440 348 1502 in
360 1437 562 1520 Aualyticen
574 1443 608 1498 et
618 1437 771 1518 Topicen
783 1439 904 1502 emisit.
949 1437 1118 1521 Siquidem
1133 1438 1245 1501 ethos

152 1542 225 1624 ip'se
239 1541 333 1616 citat,
350 1544 383 1603 et
398 1541 432 1601 in
455 1538 587 1618 Topica
603 1537 776 1602 Ciceronis
800 1547 928 1620 septem
943 1541 1047 1604 libros
1065 1560 1086 1603 a
1107 1561 1144 1604 se
1165 1560 1245 1604 con-

151 1643 258 1706 fectos
280 1642 463 1724 profitetur,
481 1659 577 1720 -opus
599 1640 741 1716 varium,
770 1638 919 1718 difficile,
940 1641 1117 1719 eruditum,
1139 1662 1200 1706 nec
1224 1662 1246 1706 a

152 1764 320 1827 quoquam
335 1747 546 1824 anteaquam
557 1741 761 1806 aVictorino
773 1741 894 1806 srustra
905 1748 1077 1807 tentatum.
1094 1744 1246 1807 Platonis

152 1846 312 1926 Dialogus
327 1845 404 1924 ipse
421 1843 561 1907 Latinus
575 1843 739 1907 facturum
764 1863 801 1907 se
826 1847 965 1927 recepit,
983 1844 1093 1909 factos
1109 1843 1247 1908 Cassio·

153 1947 256 2009 durus
273 1952 454 2008 asseverat.
487 1945 629 2009 Mirarer
640 1946 808 2028 quomodo
821 1951 913 2010 tanta
923 1951 1082 2030 praestare
1094 1948 1246 2028 potuerit,

152 2047 219 2110 nisi
249 2046 362 2110 divina
388 2046 446 2110 illa
472 2047 508 2109 iu
534 2047 656 2109 librum
673 2045 863 2111 Aristotelis
893 2047 934 2111 de
956 2048 1243 2131 ‚Interpretatione

153 2148 392 2213 commentaria
406 2147 538 2210 biennio
555 2147 676 2209 scirem
692 2147 734 2209 ab
752 2166 792 2210 co
810 2147 984 2212 confecta:
1008 2148 1098 2230 quud
1112 2154 1244 2229 tempus

152 2251 211 2313 vix
221 2250 418 2319 evolvendis
434 2253 484 2312 tot
498 2248 751 2329 expositoribus
763 2251 846 2312 satis
857 2249 961 2313 fuisse
971 2249 1245 2327 videtur,nedum

151 2373 264 2419 eorum
291 2351 466 2417 sententiis
482 2350 675 2433 plerumque
698 2352 929 2429 controversis,
943 2359 988 2415 et
1008 2352 1243 2435 dijudicandis,

151 2462 183 2520 et
197 2455 367 2535 eligendis,
384 2460 419 2516 et
442 2452 744 2516 accommodandis.
764 2453 879 2531 „Inter
895 2452 1144 2536 Peripateticos
1158 2456 1245 2519 enirn

152 2555 291 2618 celebris
300 2563 351 2619 est
364 2555 463 2618 serme
474 2554 584 2617 nullus
602 2554 659 2635 qni
680 2555 716 2616 in
731 2555 818 2618 hunc
832 2555 954 2617 librum
968 2575 1038 2619 non
1053 2557 1243 2637 scripserit:

152 2654 241 2735 quod
250 2660 283 2718 et
297 2675 497 2738 magnopere
513 2653 644 2738 quidem
660 2657 870 2719 necessarius
886 2656 940 2732 sit,
954 2663 989 2716 ct
1003 2654 1105 2718 multa
1117 2655 1244 2719 doctri·

150 2774 194 2818 na
207 2755 357 2834 refertus,
383 2758 442 2820 sed
459 2757 609 2822 acumine
632 2758 865 2821 sententiarum
891 2762 926 2818 et
949 2757 1121 2819 verborum
1134 2757 1243 2821 brevi-

150 2861 215 2919 tate
230 2859 461 2938 perobscurus.
484 2857 778 2924 Commentabatur
793 2863 904 2924 autern
919 2858 993 2922 haec
1009 2876 1077 2939 quo
1094 2863 1242 2941 tempore

150 2957 383 3022 Theudoricus
399 2963 564 3042 superatis
579 2961 726 3045 Alpibus
740 2960 958 3026 Clodoveium
974 2979 1125 3025 socerum
1142 2952 1258 3023 Fran·¹

150 3080 263 3124 corum
280 3060 407 3142 Regem
423 3062 548 3143 ingenti
560 3065 678 3146 praelio
693 3063 895 3145 profligavit.
923 3116 927 3124 .
940 3061 1093 3126 Ceterum
1109 3062 1242 3126 Seueri-

148 3181 212 3226 nus
228 3182 293 3227 non
318 3169 449 3228 tantum
470 3164 504 3227 in
520 3164 767 3249 interpretando
783 3172 818 3226 et
835 3163 1037 3245 exponendo
1054 3159 1241 3227 Aristotele

148 3271 300 3329 versatus
311 3272 374 3343 est,
387 3262 446 3328 sed
462 3265 625 3349 pleraque
638 3267 739 3328 etiam
750 3264 826 3345 ipse
835 3263 938 3327 veluti
949 3267 1153 3345 procreauit,
1171 3266 1243 3329 Ho-

149 3384 221 3426 rum
237 3367 270 3427 in
281 3386 416 3432 numero
432 3373 510 3430 sunt
528 3364 739 3450 pulcherrimi
756 3363 808 3427 illi
823 3369 965 3447 quatuor
980 3366 1021 3430 de
1040 3367 1242 3432 Differentiis

147 3463 290 3543 Topicis
297 3466 386 3542 libri,
402 3469 523 3549 quibus
540 3465 856 3530 Dialecticoslocos
868 3486 890 3530 a
901 3466 1091 3532 Rhetoricis
1102 3469 1241 3545 dirimit;

148 3570 182 3625 et
197 3564 336 3626 totidem
352 3567 410 3629 alii
423 3567 464 3631 de
480 3575 619 3651 utroque
634 3567 850 3650 Syllogismo,
864 3569 944 3633 item
958 3569 1000 3632 de
1015 3569 1192 3633 Diuisione
1206 3577 1241 3631 et

147 3663 350 3729 Definitione
374 3669 515 3748 singuli:
545 3671 696 3751 namqui
710 3670 761 3733 ad
784 3669 1004 3750 Syllogismos
1027 3667 1240 3749 categoricos

145 3763 400 3830 introductorius
422 3769 623 3846 inscribitur,
639 3769 773 3832 titulum
799 3767 1011 3831 subornatum
1035 3767 1148 3847 habet,
1164 3787 1241 3836 cum

144 3865 221 3930 libri
235 3863 426 3929 Aristotelis
442 3868 483 3931 de
499 3868 735 3932 Enuntiatione
750 3866 804 3929 vel
819 3867 1021 3932 breviarium
1033 3869 1089 3945 sit,
1111 3877 1148 3933 ut
1163 3871 1239 3952 ipse

146 3968 306 4051 appellat,
321 3967 374 4030 vel
388 3974 474 4034 certe
498 3970 588 4033 idern
601 3968 690 4050 quod
708 3968 836 4050 primus
851 3967 893 4032 de
909 3968 1117 4051 categoricis
1132 3971 1240 4055 Syllo-

145 4073 270 4148 gismis.
329 4069 426 4153 Opus
456 4090 591 4155 quoque
626 4069 669 4133 de
700 4069 913 4136 Scholastica
950 4071 1142 4156 disciplina,
1175 4092 1238 4142 non
