2790 4800
566 302 771 350 sumussic.
1174 290 1218 356 lo

121 447 205 531 qnia
218 444 376 511 eximiam
389 443 557 513 continent
571 442 706 510 Boethii
722 441 1006 529 praedicationem.
1028 444 1121 513 Audi
1135 469 1217 533 ergo

120 549 203 631 quid
214 547 325 631 priore
339 545 492 629 Epistola
506 545 734 611 Theodericus
747 547 891 613 scribat:
915 551 926 581 ‘
943 546 1215 631 Burgundionum

122 649 320 714 dominusa
332 648 431 713 nobis
454 665 579 730 magno
602 666 707 731 opere
726 646 925 731 postulavit,
943 655 983 714 ut
1004 649 1216 735 horologium

121 750 324 834 quodannis
339 750 402 814 sub
412 748 549 815 modulo
562 747 746 839 fluentibus
760 755 973 832 temperatur,
985 756 1020 815 et
1032 753 1126 834 qnod
1135 755 1218 835 solis

122 851 270 917 immensi
284 851 528 936 comprehensa
541 848 786 913 illuminatione
800 848 1027 932 distinguitur,
1052 873 1129 918 cum
1146 875 1218 922 ma.

120 953 229 1036 gistris
243 973 350 1021 rernm
374 955 408 1018 ei
431 949 654 1016 manumittere
668 949 1043 1016 deberemus....lrlerito
1053 953 1219 1038 siquidem

119 1055 285 1141 respicere
298 1054 440 1138 cupiunt
453 1049 547 1134 quod
568 1050 755 1131 legatorum
778 1069 916 1115 suorum
930 1053 1148 1141 relationibus
1160 1059 1220 1149 ob-

120 1162 335 1240 stupescunt
380 1152 462 1216 Hoc
477 1157 520 1229 te,
535 1151 642 1215 multa
651 1151 838 1217 eruditione
850 1155 1048 1236 saginatum,
1062 1157 1109 1222 ita
1122 1177 1222 1224 nosse

121 1256 314 1333 didicimus,
327 1261 365 1319 ut
380 1262 469 1319 artes
488 1273 575 1339 quas
590 1261 749 1319 exercent
762 1256 942 1338 vulgariter
956 1260 1161 1339 nescientes,
1185 1259 1221 1332 in

122 1357 202 1441 ipso
218 1356 467 1441 disciplinarum
492 1356 585 1422 fonte
604 1359 788 1442 potaveris·
831 1358 891 1437 Sic
906 1360 995 1441 enim
1007 1358 1221 1444 Atheniensi?

122 1480 179 1531 um
194 1458 327 1524 scholas
346 1460 445 1543 longe
466 1459 598 1543 positus
612 1458 769 1537 introisti,
795 1459 844 1524 sie
870 1460 1081 1542 palliatorum
1104 1463 1219 1538 choris
1322 1481 1324 1484 ’

121 1560 285 1627 miscuisti
298 1566 420 1644 togam,
443 1564 478 1625 ut
491 1559 687 1637 Graecorum
701 1559 862 1644 dogmata
885 1559 1073 1644 doctrinam
1100 1563 1223 1645 leceris

117 1682 194 1730 essa
213 1661 413 1730 Romanam.
441 1663 603 1728 Didioisti
617 1657 719 1741 euim,
733 1682 804 1746 qua
817 1661 1044 1746 profunditate
1060 1683 1138 1730 curn
1152 1654 1223 1744 suis

120 1767 272 1849 partibus
294 1765 514 1849 speculativa
536 1765 721 1846 cogitetur3
742 1782 813 1847 qua
835 1763 964 1828 ratione
991 1761 1120 1841 Activa
1148 1785 1225 1833 oum

120 1886 187 1932 sua
202 1867 370 1933 divisione
384 1865 555 1929 discatur:
577 1862 746 1928 deducens
770 1864 816 1928 ad
841 1863 1022 1931 Romuleos
1047 1874 1224 1953 senatores

124 1966 286 2050 quiequid
300 1965 499 2056 Cecropidae
513 1965 637 2030 mundo
649 1964 811 2031 fecerant·
824 1967 1000 2052 singulare.
1043 1971 1226 2049 Translati·

126 2068 247 2133 onibus
262 2069 351 2139 enim
366 2068 435 2135 tuis
450 2067 660 2154 Pythagoras
675 2067 841 2152 Musicus,
870 2069 1076 2145 Ptolemaeus
1100 2071 1223 2142 Astro-

122 2188 244 2241 nomus
258 2170 409 2254 leguntur
423 2169 541 2237 Italis:
564 2169 797 2236 Nicomachus
811 2171 1065 2253 Arithmetious,
1079 2173 1224 2243 Geome-

127 2270 233 2336 tricus
242 2270 401 2337 Euclides
414 2273 592 2338 audiuntur
605 2271 770 2336 Ausoniis
780 2292 789 2335 ι
799 2272 901 2336 Plato
912 2273 1117 2356 Theologus,
1130 2273 1226 2347 Aris-

127 2373 250 2438 toteles
273 2373 421 2455 Imgicus
446 2373 617 2451 Quirinali
639 2392 727 2438 voce
758 2372 962 2455 disceptant:
986 2374 1226 2441 Machanicnm

126 2474 228 2539 etiam
251 2471 484 2539 Archimedem
513 2471 678 2538 Latialem
703 2471 833 2538 Siculis
854 2472 1048 2542 reddidisti:
1070 2482 1106 2540 et
1128 2491 1228 2562 quau·

127 2594 268 2661 eumque
294 2575 491 2660 disciplinas
507 2576 562 2641 vel
578 2577 668 2639 artes
683 2572 842 2639 foecunda
853 2573 988 2640 Graecia
1002 2595 1062 2660 per
1075 2578 1227 2661 singulos

124 2678 214 2745 viros
228 2677 352 2763 edidit,
361 2684 394 2743 te
409 2698 477 2744 uno
492 2685 643 2756 auctore,
671 2677 783 2767 patrio
808 2697 961 2743 sermone
983 2677 1096 2745 Roma
1109 2701 1226 2751 susce-

126 2782 197 2863 pit:
213 2801 303 2864 quos
317 2784 594 2848 tantaverborum
609 2780 794 2851 luculentia
810 2778 984 2846 reddidisti
999 2783 1120 2862 claros,
1129 2790 1227 2852 tanta

125 2882 244 2965 linguae
268 2883 476 2965 proprietate
501 2883 715 2965 conspicuos,
738 2884 778 2944 ut
800 2883 983 2964 potuissent
1005 2889 1040 2949 et
1062 2886 1114 2953 illi
1141 2906 1227 2972 opus

128 2989 223 3048 tunm
236 2982 403 3065 praeferre,
429 2985 460 3050 si
482 2991 661 3068 utrumque.
686 2983 893 3060 didicissent.
935 2985 989 3056 'ltu
1011 2995 1120 3053 artem
1141 3007 1229 3070 prae·

130 3081 270 3162 dietam,
299 3104 344 3150 ex
368 3084 558 3169 disciplinis
580 3085 752 3152 nobilibus
776 3095 900 3168 natam,
922 3108 982 3173 per
1006 3088 1229 3173 quadrifarias

132 3183 294 3250 Mathesis
304 3186 428 3271 januas
442 3188 601 3255 introisti.
645 3187 699 3253 Tu
721 3189 816 3256 illam
838 3191 873 3255 in
888 3191 1029 3256 Naturae
1045 3187 1228 3273 penetrali·

130 3287 196 3352 bus
210 3289 444 3371 considentem,
468 3295 642 3358 auctorum
664 3292 760 3358 libris
782 3293 1017 3367 incitantibus,
1045 3289 1156 3355 cordis
1179 3289 1229 3359 lu·

131 3390 221 3454 mine
244 3393 427 3472 cognovisti
430 3438 481 3456 .....
483 3393 572 3459 Haec
595 3393 678 3476 quia
693 3391 883 3456 studiosius
907 3397 942 3454 te
957 3390 1080 3473 legisse
1094 3409 1228 3479 compe-

130 3492 246 3570 rimus,
271 3489 437 3576 praedicta
465 3493 565 3557 nobis
598 3492 775 3573 horologia
788 3491 985 3575 quantocius
1007 3494 1228 3561 transmittere

131 3594 338 3675 maturabis3
360 3601 399 3659 ut
414 3600 448 3660 te
461 3599 576 3661 notum
602 3592 638 3657 in
661 3591 721 3658 illa
735 3600 830 3677 parte
844 3593 1077 3662 mundifaeias
1090 3597 1149 3663 ubi
1170 3597 1231 3665 ali·

131 3701 180 3762 ter
192 3698 363 3781 pervenire
376 3704 607 3783 nonpoteras.
651 3695 848 3780 Agnoscent
867 3717 931 3783 per
953 3705 987 3762 te
1009 3706 1135 3765 exterae
1149 3717 1228 3782 gen·

131 3802 192 3876 tes,
207 3801 295 3864 tales
322 3820 384 3865 nos
413 3800 535 3866 habere
567 3800 707 3878 nobiles,
739 3801 858 3883 quales
882 3801 1039 3884 legrmtur
1063 3808 1230 3868 auctores.

135 3895 276 3973 Quoties
287 3921 353 3966 non
367 3909 445 3968 sunt
459 3903 616 3968 credituri
630 3903 689 3986 qui
703 3902 862 3969 viderint!
885 3903 1019 3986 quoties
1044 3901 1130 3964 hane
1144 3896 1231 3962 reri·

134 4002 368 4068 tatemlusoria
384 4007 517 4071 somnia
538 4005 726 4087 putabunt!
749 4012 784 4072 at
809 4005 941 4090 quando
967 4002 1093 4077 fuerint
1115 4016 1137 4060 a
1160 4002 1230 4062 stu·
1333 4026 1336 4031 ²
