2790 4800
489 288 749 336 enrnosoeurn
776 289 849 337 nin.
874 290 896 336 ι.
1195 273 1240 344 eh

146 427 321 493 versatus⁵
344 429 485 506 lucratu,
500 426 763 512 Philosophiam.
807 428 851 495 Et
865 431 957 514 qnid,
971 430 1131 514 inquam,¹
1150 436 1188 495 tu
1201 431 1237 495 in

147 530 211 592 has
227 530 324 593 exilii
335 531 439 595 nostri
453 531 670 608 solitudines,v
683 550 704 593 ο
719 530 867 595 omnium
877 532 1035 613 magistra
1046 532 1237 607 virtutum,w

148 650 272 714 supero
287 631 473 698 cardine¹¹⁸⁶
495 633 817 717 delapsa¹venistit
841 654 884 699 au
906 640 943 698 ut
956 640 993 700 tu
1015 651 1152 717 quoque
1165 651 1235 699 mo·

179 797 187 830 ¹
206 799 258 862 Ego
264 800 388 852 Bolitht'tss.
453 809 472 835 ⁸⁸
481 802 505 876 ᾼ
514 803 578 852 coelo.

178 1000 192 1043 6
209 997 312 1046 ‘Probe
328 997 437 1061 scripti:
453 996 543 1046 uastos
561 993 710 1044 novamus:
724 975 845 1040 Bernart.
858 991 895 1040 sic
907 991 986 1039 ctiam
998 991 1121 1041 exhibent
1139 991 1237 1056 Delph.

146 1059 264 1111 etldack.
295 1061 370 1111 Solus
386 1060 561 1123 Florentium,
569 1058 652 1122 inquit
663 1056 759 1106 Valliu.
769 1055 836 1120 legit
847 1059 1012 1107 versatu-d
1026 1055 1141 1106 ‘Vetust
1157 1071 1236 1120 rsper-

643 1187 747 1239 NO'l'AE

178 1308 190 1333 ⁸
202 1301 231 1349 la
242 1299 322 1362 cujus.
332 1335 355 1353 ..
366 1301 464 1366 mribus]
487 1301 519 1351 ld
531 1309 580 1364 est,
600 1302 672 1353 sobo-
711 1299 864 1360 cadomum,
874 1299 1046 1351 suburbanum
1058 1301 1237 1368 Gymnasium,

146 1375 197 1425 lis:
213 1377 253 1432 lar
270 1377 338 1432 onim
353 1375 426 1427 focus
443 1384 501 1427 est:
518 1377 577 1427 binc
593 1379 672 1428 hares
711 1377 808 1437 elegit:
821 1375 865 1424 Sic
875 1374 959 1424 Musa
971 1375 1237 1431 desertissimusmon·

147 1450 238 1500 Politia
248 1459 309 1503 sunt
319 1452 365 1502 Dii
377 1453 454 1517 patrii
464 1453 519 1503 sire
527 1452 671 1516 domestici,
712 1458 752 1503 tes
761 1452 873 1503 incolere
883 1450 1023 1514 finguntur.

146 1532 183 1589 et,
200 1528 221 1576 si
233 1529 367 1578 credamus
378 1527 500 1594 Apuleio,
515 1536 615 1579 mentes
625 1545 671 1593 pa·
743 1533 760 1560 '¹
772 1527 884 1576 Omnium
898 1525 1014 1587 metatu
1029 1527 1155 1593 mors]
1175 1531 1237 1582 Phi-

145 1611 257 1668 rantum,
274 1605 318 1670 qui
337 1605 405 1670 quod
423 1606 483 1655 olim
499 1604 569 1670 domi
584 1605 670 1655 hnms·
710 1601 828 1666 losophia
844 1601 923 1665 enim,
937 1608 1044 1650 auctore
1059 1603 1153 1666 Tullio,
1169 1607 1239 1656 ‘rin

145 1687 243 1742 rentur,
257 1695 328 1730 snam
345 1681 503 1744 putabantur
514 1695 616 1744 semper
627 1696 670 1730 cu·
712 1679 775 1728 tutis
792 1677 919 1738 continet,
935 1683 963 1725 et
979 1674 1067 1739 officii,
1081 1683 1109 1725 et
1125 1677 1192 1727 bene
1203 1681 1240 1729 vi·

145 1768 203 1803 rare
222 1752 361 1805 familiam:
383 1756 453 1805 unde
472 1755 579 1818 Tullius,
593 1755 672 1816 ‘le’
712 1753 796 1815 vendi,
807 1752 981 1814 disciplinam,
990 1764 1067 1816 quam
1079 1751 1122 1816 qui
1134 1752 1238 1816 profite-

144 1829 239 1895 inquit‚
255 1831 337 1895 ‘qnos
355 1830 444 1880 osset
461 1829 567 1890 δαίμονες
584 1832 672 1894 appel·
714 1834 765 1886 tur,
782 1827 955 1891 gravissimam
966 1827 1239 1890 sustinere-personam

143 1905 210 1965 lant,
225 1905 318 1967 nostrl,
337 1904 437 1968 opinor,
454 1904 552 1955 Lares!
591 1905 672 1970 Atqui
713 1901 834 1952 videtur?
861 1903 897 1952 Et
908 1909 980 1952 certe
990 1901 1072 1953 virtus
1085 1903 1239 1967 pecentino,

145 1979 241 2027 scholae
265 1979 458 2042 philosophicae,
486 1995 538 2030 non
567 1981 612 2032 abs
643 1997 672 2032 re
708 1978 786 2042 juxta
800 1978 880 2041 ipsius
892 1977 1040 2028 Aristotelis
1050 1984 1173 2043 mentem,
1191 1978 1238 2030 de·

146 2052 391 2118 dicunturejusdem
403 2055 575 2121 Philosophiae
583 2057 671 2109 foetu:
710 2053 780 2104 uuirt
792 2061 881 2118 potest
891 2052 994 2104 affectio
1004 2054 1138 2104 meumst
1148 2055 1239 2105 vola»

146 2128 353 2194 quandoquidem
374 2131 410 2181 ibi
434 2132 520 2182 lumen
544 2135 671 2198 naturale,
711 2131 915 2182 tariaslcreota.
941 2129 1064 2194 Duplicis
1073 2136 1112 2180 cst
1123 2131 1238 2193 generis,

146 2204 214 2269 quod
225 2211 313 2269 potest
323 2206 375 2256 dici
386 2208 503 2272 quaedam
516 2208 610 2258 mentis
626 2208 671 2257 hu-
709 2219 803 2269 nempe
830 2204 1012 2255 ‘disnodtica'
1040 2211 1069 2255 et
1091 2206 1237 2260 ‘moralis'

147 2291 231 2330 nense
245 2281 309 2345 vita,
326 2282 359 2330 ab
375 2282 439 2346 ipsis
457 2284 671 2347 praecipitationis
710 2280 788 2329 Prior
795 2287 835 2328 est
842 2279 947 2328 affectio
953 2279 1048 2327 mentis
1054 2276 1154 2328 notibni
1160 2279 1236 2329 dante

147 2355 343 2420 praejudiciique
356 2357 502 2407 incursibus
518 2365 612 2420 tntum,
628 2372 672 2406 cn·
712 2360 739 2402 et
750 2354 880 2402 distincta
891 2352 1085 2402 consentientis.
1106 2353 1240 2409 Posterior

146 2428 264 2478 rantibus
282 2430 385 2493 optimis
404 2431 617 2494 preceptoribus,
633 2429 673 2479 fo·
712 2425 816 2476 affectio
835 2425 950 2489 ejusdem
967 2426 1061 2475 mentis
1077 2425 1239 2478 mediocrita-

146 2509 232 2554 vetur.
265 2504 353 2558 Quare
370 2519 429 2554 cum
448 2505 572 2555 Boiithius
589 2505 672 2556 infans
713 2509 765 2552 tem
776 2502 931 2552 laudabilem
943 2501 970 2551 iu
981 2501 1097 2550 humanis
1106 2503 1239 2565 cogltatio·

145 2579 238 2629 missus
249 2578 330 2631 fuerit
340 2579 465 2643 Athenas,
483 2580 526 2631 nbi
537 2595 617 2631 annos
627 2582 672 2632 de·
712 2578 796 2640 nibus,
806 2577 988 2639 locutionibus,
998 2576 1170 2642 operibusque
1177 2592 1239 2630 con·

143 2669 199 2704 cem
211 2662 238 2706 st
249 2663 308 2707 octo
317 2671 375 2706 curu
385 2657 492 2706 aliorum
502 2657 670 2721 Philosopho-
711 2653 862 2705 stituentis:
880 2666 959 2715 quare
972 2652 1042 2715 prior
1057 2653 1211 2716 ‘prudentia
1220 2656 1237 2716 ς·

144 2741 210 2794 rum,
220 2739 273 2780 tntu
284 2732 400 2783 Platonis
409 2732 553 2796 presertim
562 2733 670 2782 etAris-
711 2731 842 2795 posterior
858 2728 1065 2791 ‘temperantia'
1080 2744 1096 2778 a
1112 2731 1237 2781 Cicerone

144 2807 241 2870 totelis,
249 2809 354 2857 lectioni
365 2809 479 2871 vacavit,
491 2817 562 2858 recte
573 2809 671 2858 dicitur
710 2812 836 2856 vocatur:
852 2803 984 2867 utriusque
1001 2810 1086 2854 autem
1104 2813 1237 2871 praccepta

144 2881 267 2930 ‘Laribus
276 2882 447 2945 Philosophia
457 2882 490 2930 ab
498 2883 671 2932 adolescentie
711 2879 1237 2947 prescribltllhi'losopbla,adeoque‘onr-
1325 2877 1329 2881 ’

145 2955 297 3004 obversatus
306 2956 324 3004 ι’
346 2962 487 3019 propterea
506 2957 672 3018 Philosophia
711 2957 796 3006 ninm'
813 2963 853 3006 est
868 2957 1164 3025 ‘ntagistruvirtutuml>

147 3044 227 3092 supra
236 3028 416 3094 egreferebat
426 3030 530 3079 ‘Musas
539 3029 672 3080 Poeticss'
743 3040 757 3066 ¹
772 3033 861 3097 bitpero
871 3034 966 3082 suediae
975 3033 1081 3096 ἄεισμα]
1106 3035 1237 3084 Divinitas

148 3104 231 3152 eidem
245 3104 353 3153 Rodthio
365 3103 488 3153 assidere.
654 3119 656 3126 ·
711 3107 789 3158 data:
808 3109 894 3157 lumen
916 3108 984 3157 enim
1002 3103 1237 3172 naturale,‘utpote

179 3188 191 3212 '
201 3183 230 3230 ls
238 3181 672 3246 hoseciliissstrisotitudines]’l'bco·
711 3185 781 3250 quod
799 3185 833 3234 ab
849 3185 907 3249 ipso
918 3182 1013 3234 ruentis
1023 3184 1140 3232 humanae
1151 3183 1238 3234 condi·

148 3256 470 3319 doricusOstr-ogothorum
480 3258 546 3320 Rex,
554 3258 596 3307 cni
605 3257 672 3308 Boii·
712 3266 768 3309 tore
778 3266 863 3309 ortum
877 3267 927 3320 ast,
943 3255 1066 3306 divinitus
1084 3261 1126 3304 est
1141 3255 1238 3309 datum.

147 3333 216 3382 thius
228 3340 306 3382 autea
314 3330 399 3381 fuerat
409 3332 599 3394 dilectissimus,
616 3340 672 3381 tau·
711 3335 878 3398 Philosophia
898 3337 987 3380 sutem
1009 3329 1072 3377 nihil
1096 3337 1139 3380 est
1161 3333 1238 3399 aliud,

147 3415 200 3459 tam
212 3408 298 3472 impiis
310 3407 469 3472 quibusdam,
477 3408 614 3456 Boiithium
625 3407 671 3456 fol·
712 3425 790 3474 quam
808 3411 895 3457 lumen
913 3404 1030 3452 naturale
1048 3404 1236 3461 modificatum

146 3499 174 3534 so
193 3483 385 3544 accusantibus,
403 3480 521 3530 adhibuit
538 3481 626 3542 tidem,
643 3490 673 3532 ut
712 3482 832 3533 ‘lumen’
843 3480 957 3545 quidem,
966 3479 1014 3528 boc
1024 3487 1073 3545 est,
1083 3484 1165 3547 notio,
1178 3498 1237 3551 qam

144 3562 189 3612 llle
205 3562 274 3610 huuc
281 3559 398 3610 Ticinum
410 3558 486 3619 vulgo
497 3557 599 3620 Pupium
609 3558 672 3606 rele-
714 3558 768 3606 sola
784 3563 825 3606 est
846 3554 940 3604 ruentis
960 3555 1063 3606 laurent
1085 3559 1239 3611 ‘nstunls'

145 3639 222 3702 gerit,
241 3644 362 3701 tanquam
377 3632 534 3682 inexilium:
552 3646 628 3696 quam
646 3632 672 3681 in
714 3648 782 3697 vcro,
798 3635 823 3682 id
835 3641 886 3696 est,
896 3631 929 3681 ab
940 3641 997 3682 ortu
1007 3634 1130 3687 divinitus
1141 3638 1241 3702 mium,

146 3715 310 3766 solitudinem
321 3712 419 3762 idcirco
435 3709 537 3760 accedit
553 3711 671 3760 Philoso-
713 3711 767 3759 sive
778 3718 896 3760 enatura
907 3709 1011 3759 insitum
1028 3710 1236 3780 ingenitumque:

146 3792 216 3853 phia,
234 3791 300 3856 quod
323 3791 351 3839 in
370 3787 509 3838 solitudine
527 3789 671 3851 prasertim
713 3784 916 3836 ‘modlticatnm’
927 3783 1184 3851 denique,quatenus
1196 3795 1239 3836 est

147 3879 217 3914 mens
235 3867 267 3915 ab
285 3866 353 3915 omni
369 3864 498 3913 bominum
515 3864 671 3913 commercio
711 3862 819 3925 primum
831 3862 930 3911 clerum
940 3865 968 3908 et
979 3859 1238 3922 distinctum3'dela·

146 3940 267 4001 liberata,
282 3942 332 3990 suis
346 3939 547 4004 cogitationibus
558 3937 670 3988 forman·
710 3937 743 3986 ds
753 3939 830 4000 paulo
840 3936 942 3998 longius
953 3933 1091 3994 diffusum
1106 3940 1239 3996 postremo

149 4012 189 4061 dis
206 4016 280 4064 nuice
298 4029 390 4064 vacare
412 4015 511 4077 posslt=
534 4015 571 4062 sic
590 4015 670 4063 Plato
710 4013 764 4062 veri
774 4013 892 4076 certique
902 4009 997 4073 judicii
1008 4020 1106 4055 norma.
1137 4005 1237 4056 Sioflo·

148 4087 370 4153 philosophaturus
380 4103 431 4138 non
441 4087 567 4152 Athenas,
576 4091 624 4141 sed
634 4088 670 4140 A·
710 4094 805 4150 crates,
821 4079 1103 4137 reterents'lbemlstio
1121 4077 1197 4133 Oret.
1216 4095 1238 4136 1.
