2790 4800
491 287 760 344 ,ruinosorurn
780 291 901 345 urus·
996 337 1012 374 0
1179 279 1246 348 1⁰9

145 423 388 504 mendacium.4
430 425 557 496 Verum
577 430 613 496 id
637 431 840 514 quomodo5
863 433 920 510 sit,
944 437 1015 511 tuo,
1029 435 1244 519 sapientium·

146 545 213 610 que
232 525 376 608 judicio,
399 529 630 597 aesumaudum
644 533 802 616 relinquo.
848 533 954 620 cnjus
977 536 1024 602 rei
1050 539 1244 617 scnemat-

147 646 215 709 que
230 627 410 708 verimtem,
436 650 477 695 ne
491 631 594 698 latere
609 639 762 718 posteros
777 642 892 718 queat,
913 637 1025 722 stylol
1042 639 1155 718 etiarm
1174 660 1244 708 mo

146 728 328 811 moriacque
341 731 505 799 mandavi.
553 735 645 801 Nam
660 736 702 804 de
717 738 917 821 compositis
926 739 1016 805 falso
1027 740 1154 818 literis,²
1166 742 1243 826 qni·
1278 825 1280 828 Ι

146 829 211 898 bus
224 829 405 898 libertatem
420 852 541 918 arguor
556 844 713 920 sperasse
727 837 933 915 Romanam,
957 838 1040 920 quid
1062 840 1181 907 attinet
1192 842 1244 910 di·

147 932 243 994 cerei
286 931 446 1010 Quarum
460 936 551 1002 fraus
578 943 696 1018 aperta
717 937 895 1018 patuisset,
919 939 948 1002 si
967 938 1067 1004 nobis
1094 941 1244 1022 ipsorum

146 1032 357 1100 confossione
372 1036 571 1112 delatorum,
588 1034 679 1118 quod
694 1035 730 1100 in
745 1038 901 1103 omnibus
914 1038 1061 1120 negotiis
1075 1041 1243 1111 maximas

147 1133 235 1199 uires
250 1135 365 1212 habet,
389 1137 439 1200 uti
461 1135 622 1200 licuisset.
667 1135 758 1203 Nam
774 1157 850 1220 quae
865 1140 993 1222 sperari
1006 1140 1244 1224 reliqualiber·

147 1239 203 1296 tas
217 1237 354 1315 potasti
400 1233 514 1319 Atque
528 1236 657 1302 utinam
672 1244 789 1321 posset
810 1239 897 1305 ulla!
920 1241 1166 1324 respondissem
1179 1242 1246 1311 Ga·

148 1335 194 1399 nii
208 1335 329 1400 verbo:
351 1337 410 1419 qui
426 1357 504 1402 cum
519 1359 539 1404 a
553 1339 592 1405 C.
609 1339 746 1408 Caesare
761 1339 954 1409 Germanici
969 1344 1041 1409 filio
1052 1353 1067 1383 ¹¹
1089 1347 1246 1412 conscius

181 1499 195 1534 ⁸
212 1484 318 1556 Gulosus.

606 1588 787 1610 emm

146 1679 162 1725 t
178 1677 276 1729 muru.
284 1678 397 1745 primus:
414 1674 555 1726 cummim
567 1673 744 1724 meum-s
762 1673 814 1722 Ms.
825 1671 926 1723 Erfurt.
940 1672 1156 1738 Verumiriquoquo
1166 1675 1249 1725 monos

643 1817 751 1868 ΝΟΜ

148 1919 210 1969 tatis
221 1919 285 1969 iliud
298 1918 403 1980 dicitur,
418 1917 488 1982 quod
500 1922 542 1966 est
554 1914 678 1967 adversm
753 1917 760 1949 ⁸
776 1916 1027 1986 Dessmposits'ssulso
1037 1917 1124 1982 literis]
1130 1919 1246 1981 'l'ertinru

148 1996 271 2043 honorem
280 1995 441 2059 principibus
450 1993 583 2043 debitum:
598 2007 678 2058 quare
718 1991 820 2042 Botrurr
832 1993 929 2044 crimen
941 1996 967 2045 in
975 1998 1025 2046 iroe
1038 2004 1166 2055 versatur,
1176 1996 1245 2061 quod

149 2085 209 2119 curu
220 2068 412 2135 formairuperii
421 2069 530 2119 Romani
539 2063 676 2133 aliquando
717 2065 819 2118 feratur
837 2071 1012 2133 composuisse
1030 2073 1131 2135 literas,
1153 2073 1246 2137 quibus

148 2146 230 2197 tuerit
240 2149 248 2176 ‘
257 2148 446 2212 popuiiststus,'
454 2147 513 2197 ideo
520 2146 676 2198 erimeunsa·
717 2144 860 2196 Romanam
871 2146 1020 2202 libertatern
1031 2156 1181 2212 sperasset:
1199 2149 1246 2200 ssd

145 2221 538 2287 jestatisapudJuriscousultos
549 2223 677 2288 estquod
716 2219 806 2273 literas
827 2221 891 2271 istas
911 2237 962 2273 uon
980 2237 997 2272 s
1012 2223 1134 2285 Baithio,
1150 2222 1197 2272 sed
1211 2223 1247 2277 ab

151 2297 275 2348 adsersus
286 2301 406 2364 poputum
416 2300 620 2363 &manumisi
636 2313 678 2348 se·
718 2295 775 2358 ejus
791 2295 903 2345 inimicis
920 2298 1033 2361 scriptas
1052 2298 1190 2361 probasset
1206 2300 1248 2352 sal

149 2375 289 2427 caritatem
306 2378 363 2440 ejus
384 2375 572 2427 committitur:
590 2381 618 2424 et
629 2374 679 2424 Rei
719 2370 778 2432 ipsa
795 2369 943 2420 delatorum
965 2369 1106 2430 confessio,
1127 2372 1150 2425 si
1164 2370 1249 2422 edem

149 2451 295 2514 majestatis
309 2451 335 2500 d.
347 2452 364 2501 i.
377 2465 396 2500 1.
407 2448 436 2502 ff.
448 2450 482 2499 ad
498 2451 533 2499 le.
547 2450 599 2512 jul.
617 2449 678 2514 maj.
720 2442 1004 2496 Boiithiodatsiuisset
1014 2444 1161 2497 delatorum
1169 2446 1248 2500 intere

149 2526 272 2577 dicuutur
288 2527 332 2592 qui
349 2525 476 2592 ejusmodi
492 2526 590 2576 cumen
610 2539 679 2575 coru·
721 2520 896 2586 regendorum
908 2521 1033 2573 facultas.

148 2602 275 2653 mittunt:
293 2617 440 2668 quanquam
452 2602 521 2651 enim
542 2600 624 2661 bonor
645 2601 679 2652 sit
753 2605 765 2630 ¹¹
783 2599 814 2648 G.
828 2599 923 2649 Coesurs
936 2598 1148 2664 Germoss'ss'filis]
1159 2600 1168 2629 ‘
1181 2600 1249 2654 Gari

149 2691 229 2740 genus
260 2679 418 2743 majestatis,
444 2692 563 2728 sermone
592 2684 679 2727 taureu
719 2674 854 2738 manicos,'
874 2689 906 2725 ex
926 2677 1050 2727 Suetonio
1070 2676 1096 2727 iu
1119 2677 1248 2742 Caligula,

148 2756 284 2818 communi,
294 2763 323 2806 ut
333 2757 448 2820 loquitur
457 2754 548 2819 Vires,
557 2755 639 2805 bonor
651 2759 679 2804 et
719 2753 818 2803 ‘Drusi
840 2759 869 2802 et
893 2754 999 2803 minoris
1021 2753 1142 2807 Antoniae
1171 2753 1260 2827 nitus,

148 2832 269 2896 msJestas
278 2833 316 2883 ita
327 2833 534 2896 distinguuntur,
542 2838 574 2882 ut
585 2832 679 2895 maies-
720 2842 810 2879 omnes
833 2829 949 2893 corporis
983 2830 1112 2896 animique
1135 2831 1247 2899 virtutes

149 2912 189 2956 tss
201 2906 422 2968 dicaturpersona
433 2909 490 2970 ipsa
501 2921 578 2971 quam
590 2920 679 2969 supr-e·
720 2903 821 2965 habuit,
838 2909 866 2954 et
883 2911 993 2968 quantas
1016 2907 1112 2958 nemini
1128 2908 1248 2974 cuiqam

149 2996 191 3031 mo
202 2983 299 3031 honore
307 2980 452 3031 afficimuss
469 2981 635 3031 sicutcicere
647 2993 680 3030 ιι.
721 2979 861 3043 contigisse
875 2975 1065 3034 satis'eonstst.
1097 2980 1248 3034 ATiberio

150 3056 184 3106 de
206 3057 272 3107 Nat.
299 3058 336 3107 D.
370 3054 559 3118 ‘sustinendi'
587 3055 679 3121 iuquit,
721 3060 814 3118 patruo
829 3056 978 3121 adoptatus,
999 3066 1158 3124 questurum
1175 3057 1249 3122 quin·

148 3131 278 3181 ‘muneris
285 3136 394 3196 propter
403 3130 608 3182 imbecillitatem
615 3130 680 3181 ditii-
720 3135 830 3198 queuuio
846 3141 982 3201 autequam
996 3136 1127 3198 perleges
1145 3133 1252 3192 liceret,

150 3209 234 3256 cultus
255 3207 359 3257 minime
379 3206 449 3258 eadit
471 3207 496 3257 in
517 3207 679 3270 majestatem
720 3215 748 3259 et
760 3209 1061 3272 posteamcossuiatum
1079 3206 1170 3255 statim
1189 3218 1248 3267 ges·

150 3283 267 3332 Deorum
280 3282 297 3333 :'
313 3282 471 3334 sicutetism
491 3298 538 3334 nos
554 3284 625 3334 Galli
642 3286 679 3334 lo·
719 3285 761 3335 sit.
793 3284 897 3341 Habuit
913 3285 941 3334 in
953 3280 1119 3332 matrimonio
1128 3279 1252 3344 Agrippi,

149 3355 253 3422 queudo
262 3357 294 3406 de
305 3357 379 3422 Rege
387 3358 495 3408 dicimus
504 3375 513 3420 ς
523 3359 559 3410 Se
567 3360 680 3424 Msjestt.
721 3373 790 3423 uam,
797 3374 831 3410 ex
840 3373 891 3423 qua
898 3371 992 3407 uorem
998 3355 1094 3404 liberos
1102 3354 1172 3419 tulit,
1179 3355 1250 3410 ister

149 3430 261 3482 Senatus
274 3446 353 3496 porro
372 3432 502 3481 Romanus
519 3434 680 3497 temporibus
721 3449 785 3500 qnos
797 3434 849 3484 tuit
859 3432 938 3482 Caius
953 3430 1050 3495 Cesar,
1060 3429 1114 3495 qui,
1124 3431 1185 3496 qnia
1195 3445 1249 3485 rsa·

152 3505 260 3556 Baithii
281 3513 419 3557 accusatus
437 3488 497 3567 fuit,
509 3507 578 3569 quod
590 3507 681 3558 adrer-
722 3509 851 3574 uipulario
863 3507 955 3559 habitu
966 3507 1034 3559 inter
1047 3506 1143 3560 militas
1152 3507 1249 3563 adasa

150 3595 192 3631 sus
211 3581 405 3632 Theodericum
415 3580 501 3631 Italiae
514 3581 626 3646 Regem,
636 3582 680 3632 no·
721 3584 809 3647 batur,
820 3582 947 3648 Caligula
956 3596 1050 3637 nomen
1058 3585 1249 3639 castrensiloso

150 3671 289 3724 auremque
300 3659 338 3708 illi
357 3657 487 3723 debitum,
497 3658 596 3724 aliquid
608 3659 680 3710 moli·
722 3661 820 3714 traxit!
855 3660 908 3712 liin
920 3667 1008 3713 auteur
1025 3660 1092 3712 ‘non
1109 3662 1207 3714 minore
1214 3661 1248 3712 ,ii-

150 3738 192 3782 tus
207 3733 303 3785 fuerit:
321 3733 368 3784 sed
377 3734 446 3784 burm
458 3733 624 3785 innocentem
635 3735 680 3786 de·
721 3753 782 3789 vore
799 3753 831 3790 ae
852 3736 1024 3804 malignitate,
1039 3751 1116 3802 quarn
1128 3735 1249 3803 superbis

151 3805 235 3858 feudis
253 3810 424 3876 liberavitque
453 3809 586 3876 Boethius,
610 3811 680 3877 quod
720 3815 873 3880 servitiaque
886 3807 1249 3878 pesesdverrusomntuaevt

152 3883 340 3936 criminieidenr
350 3887 479 3938 vertitur:
496 3887 679 3953 ‘delatorem'
719 3890 833 3942 homines
850 3895 984 3955 grassatus
997 3887 1063 3939 estr'
1080 3886 1127 3937 sed
1138 3883 1248 3935 eundem

153 3956 246 4020 inquit,
256 3961 263 3988 ‘
275 3975 307 4010 ne
318 3961 475 4014 documenta
483 3963 609 4028 deferret,
625 3967 680 4032 qui·
719 3965 907 4018 ‘bacchantem
927 3972 1006 4029 atque
1024 3965 1187 4027 grassantem
1198 3968 1249 4007 ¹1⁰⁸

153 4030 201 4095 bus
210 4031 336 4083 Senatum
350 4038 496 4100 majestatis
516 4054 589 4092 reum
607 4040 678 4093 face·
719 4040 802 4092 defuit
816 4040 948 4106 plerisque
959 4037 1058 4087 animus
1071 4029 1181 4082 adoriri:
1199 4042 1248 4104 atta

154 4112 205 4169 ret,
221 4105 358 4168 impedisse
370 4110 549 4163 criminamur.’
605 4168 608 4174 ,
720 4131 780 4167 vero
789 4119 922 4178 alteraque
933 4107 1126 4171 conspiratione
1134 4105 1248 4173 detenta,
