2790 4800
220 281 264 347 68
570 290 722 341 nouruu
747 294 796 341 nn
821 293 973 341 causon.

222 441 307 503 ticas
331 436 494 503 Musasrt
517 438 610 515 vidit,
634 443 748 501 nostro
772 436 967 500 assistentes
991 443 1089 512 toro,⁰
1110 435 1308 518 fletibusque

222 542 305 605 meis
320 543 421 604 verba
435 541 613 616 dictantes,
629 543 796 603 commota
812 539 992 621 paulisper,
1008 558 1049 601 ac
1063 539 1166 601 torvis
1181 536 1309 600 inflam-

221 650 313 705 mata
328 643 534 718 luminibus?
578 640 677 718 Quis,
694 640 809 720 inquit,
824 640 883 702 has
896 639 1071 702 scenicast
1084 638 1309 703 meretriculas

223 743 369 807 adhunc
385 761 510 823 aegrum
530 741 680 823 permisit
703 738 886 804 accederet
910 759 986 820 quae
1007 739 1141 803 dolores
1157 740 1229 823 ejus
1244 759 1309 802 nou

222 846 322 908 modo
345 843 445 907 nullis
471 842 622 906 foverent
645 841 822 918 remediis,8
855 860 969 905 verum
994 840 1147 905 dulcibus
1172 842 1310 921 insuper

223 946 347 1009 alerent
368 944 529 1008 venenisl
564 942 631 1005 Hae
648 946 726 1006 sunt
749 943 834 1005 enim
858 960 932 1024 quae
953 941 1186 1004 infructuosis'
1209 940 1310 1003 affec·

223 1053 316 1109 tuum
332 1047 447 1128 spinis,
473 1045 627 1107 uberem*
656 1044 820 1108 fructibus
843 1042 983 1107 rationis
1008 1049 1151 1124 segetem
1178 1048 1308 1116 necant,

221 1144 452 1229 hominumque
466 1151 591 1228 mentes
607 1143 834 1209 assuefaciunt
847 1144 974 1221 morbo,
995 1164 1059 1207 non
1073 1143 1223 1206 liberant.
1262 1139 1310 1204 At

220 1336 271 1441 ,ἓ
282 1329 547 1441 Ρναᾶὶάεηανηιίηκω.
595 1327 700 1377 ‘Lecta
747 1325 870 1376 ronta.
923 1290 946 1368 t.
954 1327 1097 1376 theatrales.
1146 1324 1309 1374 'Sterililtta

269 1407 333 1440 oecun
350 1409 396 1442 am.

712 1485 819 1536 NOTAE

220 1598 385 1648 cretiusl.v.
418 1598 506 1662 ‘Ergo
525 1597 625 1662 regibus
645 1598 746 1658 occisis,
786 1595 850 1646 dos!
883 1597 969 1645 Homo
981 1596 1077 1662 qnippe
1088 1610 1134 1645 seu
1146 1594 1248 1643 veritati
1263 1609 1308 1642 seu

219 1673 343 1723 subversa
361 1674 469 1738 jacebat
488 1677 604 1726 Pristim
625 1677 745 1739 majestas
787 1671 876 1720 virtuti
889 1673 1107 1735 studeat‚exuere
1125 1672 1210 1734 potius
1228 1670 1310 1721 debet

218 1748 350 1810 soliorum,
360 1758 388 1798 et
400 1757 502 1814 sceptra
514 1749 643 1815 superba?
671 1749 745 1802 Qtrod
786 1755 898 1809 veteres,
909 1764 985 1812 quarn
997 1763 1075 1797 novas
1087 1747 1193 1796 iuduere
1209 1755 1309 1809 pertur-

220 1840 298 1886 porro
320 1827 413 1875 dextra
430 1828 464 1876 sit
479 1830 582 1878 sinistra
600 1828 699 1891 agilior,
719 1834 748 1876 ut
787 1824 910 1874 bationes.
944 1825 1013 1874 Hinc
1024 1826 1106 1874 Musa
1122 1825 1178 1872 ista
1190 1838 1258 1871 nnuc
1270 1823 1309 1870 di-

220 1898 385 1962 Pbilosophia
405 1900 437 1948 ad
460 1901 604 1950 docendum
622 1903 748 1964 paratior,
788 1906 880 1950 cuntur
900 1901 1066 1950 ‘assistentes
1084 1899 1147 1948 toro’
1161 1899 1311 1957 sternitu-

220 1989 295 2038 quanr
305 1976 336 2023 ad
347 1975 499 2038 regendum
518 1985 656 2039 propterea
667 1977 747 2024 ‘dex-
787 1974 885 2039 liusque
908 1973 1033 2024 ‘fletibus
1055 1975 1134 2023 verba
1153 1973 1281 2039 dictantes
1295 1970 1311 2018 ε’

221 2055 261 2098 tra
283 2050 385 2114 quidem
408 2051 461 2112 ejus
483 2050 591 2114 libellos,
615 2059 746 2114 sceptrum
787 2050 846 2112 quia
864 2064 931 2098 nuuc
948 2049 1073 2098 Bo'e‘thius
1091 2049 1192 2096 videtur
1211 2054 1311 2111 pertur-

172 2143 177 2149 ·
220 2140 281 2175 vero
293 2126 396 2174 sinistra
407 2126 546 2188 gestabat!
786 2124 890 2174 batione
908 2124 990 2185 obrui,
1010 2125 1121 2188 nihilque
1139 2125 1217 2186 aliud,
1234 2138 1309 2187 quam

252 2199 501 2264 ”Quaerentibus
511 2201 745 2265 Mutat]Musafe-
785 2200 853 2264 quod
882 2200 1046 2264 perturbatio
1069 2200 1160 2261 dictat,
1184 2198 1309 2261 proferre.

221 2284 311 2324 runtur
328 2291 384 2325 esse
396 2277 515 2341 Virgines
531 2278 659 2342 quadarn,
676 2294 745 2345 quse,
785 2276 854 2325 Hinc
866 2277 964 2326 eaedem
978 2277 1059 2325 Musae
1077 2274 1182 2323 ‘torvis'
1193 2275 1309 2324 Philoso-

220 2351 319 2400 Phoebo
337 2352 457 2416 praeside,
469 2354 624 2403 carminibus
635 2370 744 2418 operan·
786 2353 851 2416 phiaa
878 2350 1045 2402 ‘luminibus'
1079 2351 1157 2414 aspici
1177 2349 1310 2399 ferttntnr:

221 2433 272 2478 tur.
307 2430 356 2479 Hae
373 2429 483 2478 Boe'tbio
501 2437 561 2479 sunt
579 2430 690 2494 duplicis
702 2445 745 2495 ge·
786 2426 1241 2492 quoniamveritas,cuiiureuieudss
1253 2427 1311 2475 Phi·

220 2504 745 2566 neris‚nempe‘Poeticse‚’et‘l²hiloso·
786 2503 901 2567 losophia
934 2503 1033 2559 studet,
1065 2502 1311 2564 perturbationibus,

221 2577 303 2638 phicae
314 2577 330 2624 :’
355 2580 405 2628 illas
423 2581 627 2643 perturbatione,
644 2583 681 2628 lrae
700 2596 744 2630 no.
785 2578 878 2641 quibus
893 2578 931 2624 ha».
950 2577 1082 2638 indulgent
1099 2577 1191 2632 Musae,
1205 2577 1313 2637 impedi·

221 2651 293 2696 tione
306 2651 375 2698 clara
394 2659 421 2701 et
440 2655 561 2704 distincta
576 2654 662 2703 ductae
676 2654 744 2718 judi·
786 2660 837 2702 tur.
869 2652 971 2700 ‘Vetus
986 2649 1045 2710 est,'
1058 2651 1095 2699 alt
1107 2651 1183 2697 Plato
1196 2652 1212 2698 l.
1227 2655 1264 2698 ln.
1276 2652 1310 2699 de

221 2731 291 2773 cant.
324 2726 440 2776 Poetieae
452 2730 744 2795 Mnsaedicuntur,quae
786 2725 885 2790 Repub.
913 2725 1107 2788 ‘Philosophia
1135 2730 1161 2773 et
1189 2725 1311 2776 Poetices

223 2800 458 2864 perturbationibus
467 2807 608 2856 obcaecatae
626 2804 746 2869 quicquid
786 2800 928 2850 dissensio!
970 2800 1037 2849 Hinc
1057 2800 1121 2862 ipsae
1142 2801 1223 2848 Musa
1242 2816 1311 2851 nunc

222 2876 425 2937 perturbationis
445 2886 495 2938 est,
512 2880 574 2928 illud
594 2880 705 2944 probant
722 2885 750 2928 et
787 2884 912 2928 vocantur
931 2877 1120 2926 ‘Meretriculae
1140 2877 1266 2937 scenica,
1283 2885 1312 2928 et

220 2949 376 3012 loquuntur:
395 2950 521 3014 uudepro
538 2954 748 3017 diversogeuere
788 2954 892 3003 Sirenes
920 2953 1046 3017 usquein
1072 2954 1179 3001 exitiurn
1206 2954 1312 3016 dulces,'

222 3030 267 3074 aut
284 3025 515 3088 perturbationum,
533 3037 578 3078 aut
594 3045 681 3080 eorum
693 3031 746 3096 qui·
787 3030 857 3093 qttod
869 3031 1011 3091 blanditiis,
1022 3029 1097 3078 rebus
1105 3028 1182 3087 fictis,
1193 3035 1220 3078 et
1232 3032 1313 3080 cauti·

221 3102 269 3151 bus
282 3101 486 3165 perturbationes
502 3104 612 3153 excitari
628 3112 747 3169 possunt,
788 3105 835 3153 bus
853 3107 904 3153 suis
922 3107 947 3153 iu
959 3119 1072 3154 errorem
1086 3105 1226 3169 vitiumque
1240 3106 1312 3155 indu-

222 3178 261 3228 hae
274 3179 356 3228 Musae
369 3177 444 3241 vulgo
460 3191 552 3226 noveru
571 3188 747 3231 numerantur.
787 3189 865 3232 caut:
883 3183 984 3230 Sirenes
997 3183 1064 3228 enirn
1078 3181 1230 3245 quibusdam
1250 3191 1310 3234 sunt

223 3257 293 3307 Hinc
315 3272 360 3307 eas
380 3257 457 3305 Plato
470 3257 486 3304 l.
499 3269 526 3305 x.
540 3256 573 3304 de
593 3259 657 3320 Rep.
671 3262 748 3321 putat
785 3257 1010 3319 meretrices,quae
1023 3257 1151 3319 deceptos
1160 3261 1312 3322 navigantes

222 3345 237 3379 e
265 3345 310 3380 sua
345 3333 453 3381 civitate
484 3346 541 3380 esse
569 3331 746 3395 expellendas.
788 3333 820 3381 ad
832 3347 955 3381 summam
969 3340 1111 3395 egestatem
1132 3334 1266 3397 redigant:
1287 3352 1313 3383 a·

222 3405 338 3466 ‘Recte,’
359 3407 442 3471 inquit
456 3408 552 3456 Tullius
570 3421 601 3457 11.
617 3408 694 3456 Tusc.
711 3408 748 3455 ‘a
787 3407 828 3482 ljis
839 3413 898 3456 sunt
913 3415 1028 3456 monstra
1042 3410 1141 3457 marina
1161 3409 1312 3459 mulieribus

221 3478 333 3528 Platone
343 3483 488 3532 educuntur
498 3483 590 3533 Po'e'tae
599 3497 632 3533 ex
644 3498 676 3533 ea
685 3482 747 3534 civi·
788 3483 884 3545 partim
897 3483 997 3546 similia,
1014 3500 1072 3548 quae
1096 3485 1167 3535 vocis
1183 3485 1312 3533 suavitate

222 3558 286 3615 tate,
296 3569 372 3616 qtrarn
383 3555 460 3606 tinxit
476 3559 528 3620 ille,
538 3573 597 3607 cum
607 3574 691 3609 mores
702 3573 746 3623 op·
787 3566 974 3622 praetereuntes
984 3567 1077 3609 nautas
1089 3559 1313 3622 sopiaut‚sopitos·

221 3627 298 3677 timos
307 3631 467 3691 etoptimnm
481 3633 639 3695 Reipublicae
651 3643 746 3686 statum
788 3633 980 3697 quedevorent:
996 3633 1064 3683 unde
1073 3632 1150 3684 oud.
1159 3646 1201 3680 ur.
1210 3633 1242 3681 de
1250 3632 1311 3684 Art.

221 3704 370 3768 exquireret
381 3705 398 3753 ε’
415 3709 456 3757 cui
467 3712 628 3760 consentiens
639 3712 667 3760 S.
680 3711 747 3775 Aug.
785 3708 919 3755 ‘Monstra
936 3709 1013 3757 maris
1034 3709 1136 3757 Sirenes
1156 3714 1241 3767 eraut,
1252 3724 1311 3772 quta

220 3781 238 3831 l.
259 3794 290 3830 u.
311 3779 343 3828 de
363 3781 419 3830 Civ.
437 3783 474 3832 D.
490 3799 513 3834 c.
531 3789 571 3835 14.
604 3785 747 3847 ‘Platoui,'
787 3794 849 3829 voce
861 3795 956 3831 canora
967 3782 1100 3835 Quaslibet
1111 3779 1233 3830 admissas
1246 3782 1312 3834 deti·

222 3855 313 3922 iuquit,
323 3858 331 3883 ‘
341 3855 427 3918 potius
439 3860 525 3920 palma
536 3861 621 3910 danda
637 3866 687 3919 est,
703 3860 747 3922 qui
787 3869 866 3904 nuere
878 3858 964 3907 rates.'
986 3858 1132 3917 Propterea
1143 3856 1241 3906 eadem
1251 3860 1310 3908 Mn·

221 3947 280 3986 curn
300 3929 400 3979 ratione
425 3929 557 3995 formaret,
585 3931 667 3998 qualis
689 3945 745 3981 esse
787 3932 951 3982 radicantur
967 3929 1312 3985 ‘dolores'Boiithii‘dulci-

220 4008 312 4059 civitas
328 4004 566 4073 achartumnam
584 4006 745 4057 adversarios
788 4005 1154 4072 husinsuperalereveuenis;
1171 4006 1312 4060 affectuum

220 4081 334 4132 civitatis
347 4080 440 4146 poetes
457 4084 557 4133 censuit
568 4083 631 4131 urbs
652 4081 749 4143 pelleu·
787 4083 867 4144 spinis
878 4083 983 4133 rationis
994 4089 1108 4148 segetem
1118 4098 1229 4148 necare;
1245 4101 1314 4137 ruen-
