2790 4800
384 303 432 348 nn
457 302 618 350 nonrrrro
644 303 687 348 ar
714 304 804 351 orus
827 304 1007 353 soarrrrs.
1197 291 1241 353 53

148 445 215 507 lius
245 445 434 523 Severiana,
461 447 588 512 Consul
616 449 804 545 ordinarius
831 449 965 526 Romae,
997 448 1238 531 Philosophus,

147 544 278 621 Orator,
294 551 328 609 ot
344 546 449 610 Poeta
462 549 611 631 insignis,
626 551 660 612 in
675 549 798 613 divinis
814 551 985 632 scripturis
1001 551 1132 627 doctus,
1156 556 1190 613 et
1204 551 1240 613 in

146 647 364 710 saecularibus
391 648 497 712 literis
526 653 672 714 omnium
702 671 763 714 suo
791 658 940 734 tompore
975 651 1238 729 eruditissimus,

144 765 241 826 gener
256 747 444 830 Symmachi
465 750 606 814 Patrloli
620 752 695 814 fuit.
739 751 801 815 Vir
816 752 939 815 Graeco
955 759 990 815 et
1006 752 1125 815 Latino
1139 754 1234 833 copi·

143 847 297 911 osissime
311 850 459 914 imbutus
475 852 623 933 eloquio,
639 847 768 931 quippe
783 852 843 931 qui
858 851 963 913 multa
987 851 1154 912 volumina
1169 856 1238 914 tam

145 948 332 1014 Aristotelis
352 972 454 1033 quam
470 953 615 1014 aliorum
630 949 915 1031 Philosophorum
928 949 971 1010 de
986 948 1103 1012 Attica
1125 949 1238 1030 lingna

142 1052 341 1114 transtulerit
364 1054 399 1114 in
420 1051 596 1128 Latinam3
618 1049 751 1129 ingenio
775 1050 926 1125 subtilis„
950 1068 1052 1112 sensu
1076 1056 1240 1130 promtus,

144 1158 246 1233 atque
284 1150 499 1228 catholicus3
537 1168 692 1213 sermone
725 1169 785 1213 nec
814 1150 927 1214 Tullio
960 1149 1115 1229 inferior3
1142 1170 1241 1233 quem

145 1251 261 1314 Sancti
276 1251 453 1315 Benedicti
475 1259 607 1314 constat
623 1250 807 1313 amicitiam
821 1251 987 1326 habuisse,
1011 1259 1045 1314 et
1068 1252 1102 1314 in
1128 1258 1241 1315 monte

145 1349 290 1413 Cassino
307 1371 384 1414 cum
394 1350 565 1429 Tertullio‚
576 1350 711 1414 Placidi
722 1351 882 1414 Monachi
898 1359 1007 1433 patre,
1024 1360 1189 1428 senatore,
1205 1353 1240 1414 in

145 1453 218 1534 ejus
233 1472 348 1516 mensa
362 1443 560 1517 comedisse.
598 1453 744 1535 Scripsit
756 1455 863 1518 multa
878 1453 1042 1536 praeclara
1055 1454 1237 1528 volumina,

145 1553 187 1616 de
202 1554 325 1636 quibus
340 1573 402 1636 ego
419 1557 550 1638 repperi
564 1555 740 1639 subjecta:

184 1653 239 1718 Ad
254 1656 491 1740 Symmachum
506 1657 666 1720 Socerum
682 1674 781 1718 suum
800 1653 964 1718 Romanae
980 1656 1075 1718 urbis
1097 1655 1240 1718 Patrici-

143 1777 198 1820 um
213 1757 256 1821 de
271 1758 397 1822 Sancta
415 1758 576 1821 Trinitate
597 1758 656 1821 lib.
670 1773 694 1818 1.
719 1757 858 1837 incipit:
881 1744 1145 1838 ‘Investigatam
1168 1755 1241 1820 diu·

143 1857 297 1921 tiss.’&c.
866 1867 869 1873 '
1205 1885 1207 1888 >

187 1957 241 2019 Dc
257 1957 396 2021 Unitate
409 1958 583 2023 Trinitatis
596 1959 654 2022 lib.
671 1976 695 2022 1.
710 1957 845 2040 incipit:
870 1962 880 1991 ‘
894 1958 1019 2036 Quaero
1033 1980 1076 2024 an
1090 1959 1193 2039 Pater
1204 1963 1238 2022 et

145 2056 348 2134 Filius,'&c.
750 2074 754 2082 ·

189 2158 242 2221 De
256 2160 387 2223 duabus
400 2160 525 2225 naturis
548 2164 582 2226 in
606 2161 739 2228 Christo
753 2165 812 2228 lib.
831 2183 855 2229 r.
879 2164 1012 2227 ‘Anxie
1026 2172 1059 2227 te
1076 2160 1235 2245 quidem,’

144 2261 205 2321 &c

189 2358 242 2421 De
256 2359 322 2423 fide
336 2362 379 2424 ad
400 2362 422 2426 J
426 2381 503 2425 oon.
520 2363 712 2425 Diaconum
736 2362 797 2424 lib.
821 2379 846 2425 1.
868 2362 1114 2425 ‘Christianam
1138 2359 1235 2422 fidem

144 2458 246 2526 novi!

187 2563 241 2626 De
258 2560 396 2626 Unitate
410 2565 444 2624 et
461 2561 536 2625 Uno
550 2562 608 2624 lib.
626 2577 650 2624 1.
673 2560 814 2624 ‘Unitas
831 2569 884 2624 est
901 2560 990 2645 qna,’
1005 2564 1064 2624 &o

185 2663 239 2726 De
256 2663 433 2746 Eisagogis
447 2663 629 2747 Porphyrii
644 2665 704 2726 lib.
720 2681 760 2726 ιι.
777 2671 785 2697 ‘
800 2663 1003 2745 Hyemantis
1018 2662 1092 2725 anni
1108 2661 1222 2744 temp.'

185 2766 226 2829 Iu
241 2766 423 2829 secundam
437 2765 594 2847 ejusdem
608 2766 789 2828 editionem
804 2765 861 2825 lib.
879 2781 903 2825 1.
927 2763 1121 2827 ‘Secundus
1135 2763 1212 2827 hic?

186 2867 227 2929 ln
244 2867 440 2946 Catogorias
456 2866 651 2929 Aristotelis
665 2868 725 2928 lib.
743 2882 783 2926 11.
807 2864 1007 2947 ‘Expeditis
1022 2864 1095 2942 his:
1110 2869 1170 2928 &c

187 2967 229 3029 In
244 2967 511 3028 Perihermenias
526 2966 676 3048 ejusdem
691 2966 750 3030 lib.
767 2983 792 3028 1.
816 2967 965 3048 ‘Magna
979 2968 1111 3049 quidem
1122 2967 1220 3030 libri!

189 3065 229 3127 In
245 3065 422 3127 editionem
438 3063 585 3146 ejusdcm
603 3066 786 3130 secundam
800 3068 857 3132 lib.
870 3085 917 3130 vr.
942 3067 1161 3131 ‘Alexander
1183 3066 1236 3127 in.’

191 3168 242 3230 De
258 3165 490 3230 Divisionibus
505 3168 601 3231 libr.
624 3165 755 3244 ‘Quam
769 3189 906 3251 magnos
922 3166 1115 3232 studiosos!

187 3268 240 3330 De
256 3267 511 3330 Definitionibus
525 3270 585 3332 lib.
600 3286 623 3331 1.
647 3269 814 3333 ‘Dicendi
832 3289 872 3332 ac
887 3263 1101 3347 disputandi?

189 3367 243 3431 Ad
258 3367 470 3447 Calagoricos
482 3369 700 3450 Syllogismos
716 3368 905 3432 Introduct.
917 3365 978 3426 lib.
995 3380 1019 3424 r.
1032 3362 1166 3428 ‘Multa
1182 3386 1235 3429 ve-

145 3478 231 3535 teres
247 3466 467 3549 Philosophi!

187 3572 227 3635 In
241 3569 376 3652 Topica
391 3566 566 3630 Ciceronis
579 3567 639 3631 lib.
652 3583 704 3630 vr.
728 3565 986 3629 ‘Exhortatione
1000 3565 1076 3642 tua‚'
1088 3571 1147 3631 &c

185 3676 240 3739 De
254 3670 459 3736 Differentiis
474 3668 613 3751 Topicis
628 3668 687 3731 lib.
704 3684 753 3733 iv,
777 3665 915 3729 ‘Omnis
927 3667 1010 3730 ratio
1027 3668 1235 3733 disserendi?

186 3776 239 3837 De
255 3772 458 3855 Syllogismo
474 3769 667 3852 categorico
679 3769 737 3834 lib.
751 3786 792 3832 11.
816 3766 950 3832 ‘Multa
961 3767 1073 3833 Graeci
1088 3766 1234 3833 veteres?

188 3875 239 3937 De
255 3874 456 3957 syllogismo
472 3873 704 3957 Hypothetico
719 3873 777 3937 lib.
794 3889 835 3936 11.
858 3870 963 3934 ‘Cum
979 3872 1014 3932 in
1029 3866 1207 3933 omnibns.’

189 3975 241 4036 Dc
256 3976 536 4039 Hebdomadibus
551 3977 609 4039 lib.
626 3992 652 4038 1.
675 3979 685 4006 ‘
700 3974 859 4039 Postulas
874 3982 912 4036 ut
927 3990 971 4033 ex
986 3967 1150 4032 hebdom!
1278 4043 1281 4047 ἱ

193 4074 246 4136 De
262 4073 482 4140 Arithmotica
495 4079 553 4141 lib.
569 4095 608 4142 11.
632 4077 748 4143 ‘Inter
762 4093 879 4139 omnes
895 4067 1043 4153 priscae?
