2790 4800
474 928 526 980 AD
544 929 745 982 GENEROSAE
762 925 925 985 Iunonls,

368 1125 579 1179 PRISCAEQUE
597 1125 833 1177 NOBILITATIS
850 1125 1031 1187 Juvenum,

166 1343 229 1428 D.
263 1340 651 1430 RUTGERUM
692 1337 1229 1430 BOETZELERIUM

579 1571 628 1620 Aa
646 1569 821 1634 Asruueu,

237 1775 403 1839 LIBERI
434 1772 650 1839 BARONIS
688 1773 939 1840 ASPERANI
969 1774 1158 1852 FILIUM,

330 2004 633 2094 PETRI
702 2007 1063 2093 BERTII

368 2215 370 2218 ⁴
453 2292 456 2299 ·
524 2245 873 2321 paruarum.

565 2500 825 2512 —n-——a-

152 2681 304 2769 Lrunos
323 2704 448 2767 Aurcrr
467 2703 618 2767 Munerr
643 2705 844 2782 TouQunrr
870 2705 1057 2769 Snvnurur
1074 2704 1238 2768 Boururr

149 2827 200 2872 nn
217 2805 511 2868 Cousounrrouu
528 2806 811 2885 Parnosorrrrrn,
832 2827 915 2891 quos
936 2807 970 2870 in
990 2811 1083 2872 tanta
1102 2807 1243 2888 dignati-

150 2928 213 2972 one
226 2908 288 2972 viri
304 2909 420 2973 eruditi
432 2927 562 2991 semper
577 2908 774 2986 habuerunt,
789 2911 873 2974 utin
892 2909 961 2974 illis
975 2909 1134 2992 legendis,
1148 2927 1241 2972 enar-

149 3010 274 3088 randis,
291 3010 515 3086 recensendis,
532 3009 740 3091 evulgandis
755 3009 889 3072 laudem
904 3029 970 3072 non
982 3011 1138 3089 exiguam
1152 3009 1243 3090 posi·

149 3120 217 3177 tam
232 3112 474 3187 existimarent,
493 3110 674 3193 (scripsere
689 3111 775 3172 enim
798 3109 832 3170 in
856 3127 917 3171 eos
937 3127 981 3170 ex
996 3109 1241 3191 antiquioribus

145 3214 307 3279 'Albertus
331 3213 489 3296 Magnus
513 3217 548 3275 et
571 3211 719 3275 Thomas
739 3206 910 3289 Aquinas:
946 3208 1041 3272 Deus
1063 3211 1159 3287 hone,
1182 3210 1240 3292 qui

147 3316 221 3389 viri,
243 3322 277 3377 et
299 3315 432 3398 quanti!
456 3319 534 3397 post
556 3313 633 3376 illos
650 3309 851 3392 Rodulphus
866 3307 1028 3394 Agricola
1043 3312 1183 3387 Frisios,
1206 3318 1240 3374 et

147 3413 298 3476 Joanues
318 3415 526 3480 Murmellius
550 3410 843 3490 RuremuudanuS,
864 3432 905 3478 ac
931 3421 1036 3497 nuper
1059 3412 1239 3476 admodum

146 3512 169 3575 J
171 3531 295 3576 oannes
311 3514 517 3591 Romanius,
532 3522 564 3577 et
585 3516 782 3580 Theodorus
798 3515 1006 3578 Sitzmannus
1016 3513 1042 3596 t)
1063 3515 1165 3577 libros
1177 3515 1239 3601 igi-

146 3620 199 3679 tur
215 3611 348 3676 Bo'dthii
358 3613 399 3675 de
415 3613 656 3676 Consolatione
672 3613 902 3694 Philosophiae
921 3632 1025 3695 nuper
1043 3631 1064 3674 e
1083 3632 1136 3675 me
1152 3615 1238 3694 pub-

145 3713 221 3778 licis
236 3712 435 3776 lectionibus
455 3714 489 3774 in
505 3709 691 3774 Academia
711 3712 913 3794 explicatos,
930 3713 992 3776 tibi
1007 3713 1161 3787 inscribo,
1176 3713 1200 3775 J
1202 3733 1239 3775 u·

145 3817 241 3882 venis
259 3813 501 3878 Nobilissime:
524 3811 681 3891 exiguum
696 3814 783 3877 mole
798 3833 931 3889 munus,
946 3813 1004 3875 sed
1019 3813 1136 3894 ingens
1151 3833 1236 3895 pon·

145 3919 231 3982 dere.
263 3917 334 3981 Etsi
349 3917 434 3979 enim
444 3914 600 3978 brevitati
616 3914 688 3995 ipse
702 3916 867 3996 quondam
880 3914 1044 3978 studuerit
1060 3913 1236 3994 Boethius,

144 4021 402 4102 brevitatemque
412 4017 522 4101 operis
532 4015 782 4080 contractiorem
795 4016 903 4081 adhuc
916 4015 1031 4081 fecerit
1040 4019 1234 4102 typographi
