2790 4800
223 272 267 336 70
572 287 722 336 unsrun
748 286 796 345 nu
819 284 970 335 consor..

225 422 362 505 dulceS,¹
384 429 531 511 meisque
545 449 617 493 eum
638 428 747 493 Musis
761 428 940 494 curandum
956 429 1199 514 sanandumque
1214 431 1312 496 relin-

227 531 327 613 quite.
372 530 439 594 His
452 530 509 594 ille
532 532 652 594 chorus
666 531 876 614 increpitus?
907 532 1031 615 dejecit
1052 531 1142 596 humi
1163 533 1311 598 moestior

226 633 366 710 vultum,
395 633 635 715 confessusque
661 634 781 697 rubore
810 633 1049 709 verecundiam,
1078 634 1178 698 limen
1207 635 1312 699 tristis

226 733 381 797 excessit.
438 731 487 797 At
509 754 583 816 ego,
607 732 703 816 cujus
726 735 816 797 acies
834 734 985 818 lacrymis
1008 754 1120 800 mersa
1144 737 1313 818 caligarat,

226 833 304 898 ne¹³
328 835 522 916 dignoscere
544 855 688 918 possem,
715 855 871 919 quaenam
896 837 968 900 haec
991 845 1081 900 esset
1101 838 1218 901 mulier
1243 843 1311 901 tam

226 937 414 1018 imperiosae
429 938 648 1014 auctoritatis
667 938 836 1019 obstupui,
850 938 989 1019 visuque
1003 938 1037 1000 in
1054 946 1173 1001 terram
1189 936 1313 1014 defixo,

229 1037 384 1119 quidnam
408 1037 565 1120 deinceps
590 1042 680 1101 esset
705 1044 831 1116 actura,
857 1042 1037 1118 expectare
1063 1036 1187 1101 tacitus
1210 1037 1313 1119 coepi.

228 1136 315 1202 Tum
329 1138 390 1202 illa
400 1145 427 1185 ¹4
448 1141 584 1222 propius
600 1138 777 1215 accedens,
800 1140 834 1202 in
849 1145 999 1203 extrema
1012 1139 1127 1203 lectuli
1142 1138 1206 1201 mei
1221 1144 1315 1219 parte

228 1237 389 1314 consedit,
404 1259 581 1321 meumque
596 1240 727 1302 intuens
741 1239 869 1304 vultum
890 1240 982 1303 luctu
998 1260 1142 1323 gravem,
1167 1247 1269 1321 atque
1282 1239 1316 1299 in

228 1337 365 1401 humum
381 1359 520 1403 moerore
536 1340 710 1424 dejectum,
724 1338 777 1404 his
792 1343 941 1406 versibus
951 1340 973 1379 ¹⁵
1001 1341 1043 1404 de
1057 1346 1181 1406 nostrae
1195 1340 1317 1404 mentis

230 1438 477 1519 perturbatione
492 1448 675 1521 conquesta
689 1448 752 1504 est.

261 1593 278 1618 ¹⁰
296 1585 512 1650 Turtucu'urgntu.

230 1766 294 1810 -ts
306 1761 413 1811 seirenes
423 1761 519 1825 Delplr.
532 1761 616 1813 Hack.
626 1761 690 1825 [rid.
702 1761 825 1825 inid—lt
835 1762 1029 1824 Mencaligurst,
1040 1775 1096 1811 acc:
1112 1774 1163 1808 non
1171 1759 1247 1820 male,
1258 1773 1319 1810 cerr-

231 1836 306 1874 sente
318 1826 475 1875 Vallia-rt
492 1827 541 1876 Me.
552 1826 650 1876 Erfurt.
662 1827 761 1877 omittit
771 1829 889 1876 voculam
900 1828 1015 1880 itta.-1r
1032 1827 1082 1875 llis
1093 1825 1168 1874 serbis
1182 1824 1251 1873 idem
1267 1824 1319 1872 Μι.

721 1957 827 2008 NOTAE

232 2054 260 2098 et
280 2049 391 2099 Zenonis
414 2048 643 2113 Pythagoricorum
664 2051 757 2114 patria.
797 2066 853 2100 rum
865 2065 955 2113 genus,
970 2050 1063 2100 nostris
1073 2047 1190 2113 Physicis
1199 2046 1322 2096 dicuntur

232 2125 324 2175 Studia
343 2133 428 2174 autem
444 2126 578 2175 Platonica
592 2128 759 2188 appellantur
797 2126 897 2176 ἀπὸτοῦ
908 2126 1112 2190 celpeatm,qnod
1133 2126 1248 2175 bestiolae
1269 2124 1321 2173 ille

231 2198 501 2265 ‘Academica,'quod
519 2202 597 2250 Plato
616 2202 714 2265 primns
731 2204 757 2251 in
797 2214 933 2256 contracta
953 2208 1100 2255 membrana
1121 2213 1235 2253 curratur
1252 2203 1323 2267 jace·

232 2274 374 2326 Academia
384 2277 567 2340 philosophiam
576 2275 705 2341 professus
714 2280 758 2330 ait.
797 2290 859 2332 ants
888 2283 921 2332 de
942 2283 981 2332 lris
1003 2281 1118 2346 loquitur
1136 2281 1234 2330 Plinius
1250 2280 1268 2329 l.
1291 2292 1322 2331 ιι.

233 2353 281 2403 list
293 2368 355 2403 vero
366 2353 509 2404 Academia
524 2367 673 2402 nemorosus
683 2361 758 2405 extra
797 2375 856 2424 cap.
867 2364 907 2410 tu.
924 2359 970 2409 sed
987 2361 1019 2408 de
1036 2359 1074 2407 bis
1084 2372 1153 2407 nunc
1164 2371 1215 2407 non
1227 2357 1321 2420 agitur.

234 2438 261 2479 et
279 2444 362 2494 prope
381 2429 496 2479 Athenas
518 2430 600 2492 locus,
622 2429 667 2494 qui
689 2431 758 2494 prins
783 2448 785 2452 ·
798 2438 917 2500 Marinae,
929 2437 966 2488 sic
978 2437 1054 2485 dictae
1065 2436 1106 2484 rel
1114 2433 1160 2483 turb
1168 2435 1212 2493 τῆς
1222 2434 1325 2497 cespius

233 2505 318 2556 dictus
329 2506 379 2556 fnit
390 2504 499 2568 ἑκαδομία
513 2507 545 2556 ab
562 2506 693 2557 Ecaderno
704 2508 758 2557 lle·
800 2513 911 2574 vinculo,
923 2515 963 2562 rel
975 2513 1021 2562 ἀπὸ
1030 2513 1074 2560 τοῦ
1083 2510 1159 2574 σύρειν
1168 2525 1184 2558 a
1194 2511 1325 2572 decipien-

233 2580 295 2628 rod:
314 2582 382 2630 unde
392 2583 484 2632 Horat.
504 2581 585 2646 Epist.
604 2582 622 2633 l.
633 2595 663 2632 ιι.
675 2582 760 2645 Epist.
798 2587 840 2650 do,
850 2590 917 2651 quod
927 2594 1004 2637 cantu
1014 2583 1327 2648 suoimprudentessdre·

235 2660 260 2704 2.
293 2655 419 2707 ‘Scilicet
436 2667 465 2708 ut
483 2672 585 2724 possem
604 2671 684 2708 curvo
703 2658 759 2722 dig·
797 2676 844 2712 nes
866 2663 1016 2711 devinciant
1034 2661 1227 2724 decipiantque,
1238 2658 1326 2708 ferun·

234 2743 341 2778 noscere
361 2741 471 2796 rectum,
489 2735 578 2800 Atque
594 2735 663 2784 inter
674 2734 759 2798 sylvas
800 2744 842 2785 tur
851 2735 961 2786 Acheloi
980 2734 1051 2785 ilarii
1067 2742 1095 2783 et
1106 2734 1235 2796 Calliopes
1247 2732 1328 2794 tiltre3

237 2805 363 2856 Ecademi
389 2825 506 2874 quaerere
534 2817 639 2865 rerum.'
681 2810 761 2877 Atqui
800 2809 1326 2877 rupemerirginibns,insernepiscibusai·

236 2880 361 2932 Boethius
373 2884 398 2932 in
410 2887 565 2938 Dialecticis
576 2895 604 2939 et
621 2888 761 2939 Platonicis
800 2889 883 2940 miles.
894 2890 1142 2947 'l'resnrrmeruntur‚
1150 2885 1329 2949 Parthenope,

237 2957 363 3006 doctrinis
391 2962 619 3014 exercitatissimus
643 2963 708 3015 fult:
735 2965 762 3014 in
801 2965 935 3027 Leucosia,
946 2963 1036 3028 tripes,
1058 2974 1163 3026 quarum
1181 2974 1233 3010 una
1256 2974 1329 3020 voce,

237 3033 386 3084 Dialecticis
404 3036 519 3100 quidem3
535 3040 596 3102 quia
611 3040 762 3091 dialecticos
803 3043 886 3092 altera
897 3041 978 3102 tibiis,
991 3038 1069 3089 tertia
1079 3039 1136 3102 lyra
1147 3043 1329 3098 constamnes

236 3111 317 3162 libros
327 3109 477 3161 Aristotelis
487 3111 543 3177 (qui
552 3115 652 3177 judicio
661 3117 764 3166 Cicero·
803 3124 877 3167 tanta
887 3123 978 3166 cantus
991 3114 1138 3176 dulcedine,
1149 3119 1178 3162 ut
1189 3121 1280 3163 nautas
1292 3128 1333 3163 so·

238 3190 278 3239 nis
296 3190 313 3239 l.
323 3204 343 3241 r.
353 3189 470 3240 deOrat.
482 3189 515 3239 de
531 3192 630 3242 ratione
639 3194 764 3244 disrereu·
803 3194 871 3257 pitos
882 3190 1016 3253 nanfragio
1033 3191 1154 3252 perdant.
1187 3189 1266 3241 Orirl.
1288 3203 1333 3239 ιιι.

239 3265 765 3332 dimultoplure,qnamomnesmagistri,
803 3268 836 3317 de
862 3265 922 3316 Art.
954 3265 1094 3314 ‘Monstra
1118 3266 1197 3315 muris
1215 3267 1334 3317 seirenes

216 3376 219 3382 .
239 3343 371 3408 multoque
385 3345 491 3394 meliora
501 3343 580 3409 dixit)
594 3346 725 3395 transtulit
736 3351 765 3395 et
803 3351 887 3405 eraut,
906 3357 965 3406 quae
991 3356 1057 3391 voce
1079 3356 1175 3392 canora
1198 3343 1335 3394 Quaslibet

239 3422 429 3470 commentariis
443 3421 592 3471 illustravit.
625 3421 656 3470 In
675 3421 763 3470 Plato·
803 3419 927 3470 admissas
943 3417 1080 3468 detinuere
1101 3417 1190 3468 rates!
1223 3418 1262 3466 Es
1282 3433 1335 3482 quo

239 3489 303 3536 uicis
320 3507 391 3554 vero;
418 3511 554 3559 progressu
574 3498 640 3547 enim
654 3497 766 3562 patebit,
806 3497 905 3548 factum
924 3501 976 3554 est,
996 3501 1025 3545 ut
1041 3495 1164 3560 quicquid
1181 3493 1278 3543 animos
1289 3495 1336 3544 bo·

239 3561 376 3616 Boethium
405 3569 597 3622 Platonicorum
633 3575 765 3638 opiniones
805 3577 902 3626 minum
923 3573 1074 3635 corrumpit,
1089 3569 1151 3621 illud
1167 3568 1241 3618 Siren
1260 3584 1336 3618 voce·

240 3644 313 3686 recte
322 3639 579 3712 intellexisse,iiaqne
590 3648 669 3699 fuisse
678 3649 767 3699 addic·
806 3658 859 3712 tur,
866 3650 933 3698 sicut
949 3648 1061 3698 Horatio
1072 3647 1154 3696 serm.
1165 3645 1184 3692 l.
1195 3654 1225 3691 ιι.
1238 3643 1295 3693 Sat.
1307 3649 1333 3695 8.

240 3712 374 3768 tissimum.
807 3727 815 3754 ⁶
827 3722 934 3771 vitanda
945 3728 985 3773 ert
1001 3720 1117 3786 improba
1125 3719 1201 3769 Siren
1211 3718 1333 3768 desidia!

271 3798 278 3832 ¹
294 3800 389 3852 Sirenes
398 3803 529 3868 [θείνωσι]
544 3819 614 3867 usque
624 3802 651 3852 in
664 3805 768 3855 esitium
806 3802 849 3851 Sic
858 3801 938 3865 igitur
947 3801 1029 3849 Musa
1046 3796 1161 3846 Poitlcae
1176 3797 1334 3858 perturbati·

239 3876 328 3940 dulces]
338 3878 466 3942 seirenes,
474 3880 568 3930 Graece
579 3879 691 3942 carptim,
700 3880 767 3929 unda
807 3892 884 3929 ouum
895 3882 1027 3942 parentes,
1042 3879 1087 3922 aut
1098 3872 1189 3920 saltem
1209 3874 1335 3938 nutrices,

240 3961 268 4005 et
287 3968 335 4020 per
351 3955 374 4004 ei
392 3961 419 4004 et
437 3971 483 4020 per
493 3957 503 4005 i
514 3959 617 4018 longum
635 3955 768 4019 scribitur,
807 3965 875 4002 nunc
887 3959 1012 4003 vocantur
1027 3947 1164 3998 ‘seirenes
1176 3947 1208 3997 ed
1220 3949 1334 3998 exitium'

239 4030 350 4096 duplicis
366 4037 426 4082 snut
443 4034 555 4098 generis,
568 4044 661 4094 nempe
673 4037 770 4081 terres·
809 4032 865 4080 sire
888 4030 920 4079 ad
939 4024 1078 4092 perniciem
1096 4024 1198 4090 ‘usqua
1219 4024 1334 4077 dnlcesr’

240 4110 292 4156 tres
315 4114 343 4158 et
364 4109 481 4160 marina.
511 4109 669 4171 terrestres,
696 4104 770 4159 iuco-
809 4105 971 4158 binceaedem
979 4102 1337 4169 Muretubenmrautrcput.
