2790 4800
500 321 761 371 nnraosararm
787 321 860 369 arra
883 321 907 367 ι.
1155 391 1157 394 ¹
1188 304 1252 373 toa

117 530 120 544 ‚
154 469 340 552 exigeretur
360 466 453 532 evici.
505 465 695 530 Paulliaum
725 464 961 548 consularem&
991 461 1121 541 atram}
1150 462 1249 548 cnjus

155 588 239 653 opes
260 569 406 634 Palatini
417 577 444 607 ¹⁰
479 568 601 633 canas*
631 568 706 652 jam
733 587 795 650 spe
817 573 921 650 atque
942 565 1124 630 ambitione
1146 563 1249 640 deuo·

154 680 297 749 rassent,
319 674 378 737 *ab
406 671 492 755 ipsis
519 671 678 736 hiantium
703 663 880 734 lancibus²
907 668 1007 734 traxi.
1061 667 1117 732 Ne
1150 665 1249 734 Albi·

153 792 233 836 num
248 774 453 838 consularem
477 773 585 853 virum
609 771 840 857 praejudicatae
853 769 1123 835 “accusationis
1144 788 1248 852 poena

153 875 340 958 corriperet,
355 875 441 940 odiis
455 897 509 940 me
524 874 684 958 Cypriani
698 873 857 937 delatoris
873 870 1029 954 opposui.
1074 869 1248 935 Satisneiu

151 992 203 1039 mc
226 996 365 1058 magnas
386 977 503 1042 videor
528 992 757 1037 exaceruasse
769 980 792 1011 ¹¹
817 971 1052 1036 discordias?¹
1080 969 1148 1032 Sed
1171 991 1247 1035 esse

151 1076 241 1159 apud
256 1085 406 1142 ceteros⁰
428 1077 528 1141 tutior
547 1075 659 1153 debui,
685 1075 744 1158 qni
765 1073 847 1138 mihi
862 1092 977 1138 umore
996 1071 1142 1156 justitiae
1163 1070 1247 1134 nibil

182 1243 326 1302 ‘Quintam
337 1250 490 1311 mansan.
595 1247 714 1310 *Aulioi
730 1249 825 1298 canibus
839 1248 1026 1314 impudentiores.
1108 1243 1247 1295 trum

105 1391 107 1394 Ι
149 1305 406 1378 mopsuestia.
479 1321 502 1377 '⁸-
515 1313 604 1365 fana.
669 1315 898 1379 '’Eusproesertim,
915 1312 1081 1391 quibas'opem
1096 1311 1236 1363 ramua-

50 1609 61 1618 ,
151 1553 181 1600 10
192 1551 291 1606 Tbuau.
302 1554 409 1622 parnas,
419 1559 644 1626 etuterqneVict.
653 1560 848 1612 Palatina-ll
865 1559 918 1610 Ma.
930 1555 1055 1610 Rittersh·
1065 1555 1185 1606 emacim
1195 1553 1245 1604 ‹lis-

640 1689 747 1740 NOTAE

89 1843 91 1847 .
141 1799 301 1864 judicarent,
321 1801 428 1852 indices
455 1807 517 1851 sunt
538 1804 674 1867 appellati,
717 1810 759 1852 tor
767 1803 784 1851 τ’
794 1800 897 1854 deferre
905 1801 1003 1867 quippe
1013 1797 1244 1858 incoronata-ae

145 1877 675 1942 Praetoresquoquesuntdicti,qaodpc·
716 1888 767 1932 est.
800 1880 837 1930 At
853 1877 1021 1930 ‘Paulinum'
1048 1874 1244 1929 insectabantur

145 1950 208 2013 pulo
219 1950 362 2012 preirent:
379 1951 425 2000 sed
436 1959 571 2004 crescente
582 1954 672 2019 populi
713 1956 818 2027 qnidam
840 1955 929 2017 aulici,
950 1953 994 2019 qui
1016 1965 1085 2002 nuuc
1113 1956 1242 2001 voantur

145 2024 256 2074 Romani
264 2025 379 2090 imperio,
389 2027 554 2091 magistratus
562 2031 599 2082 ita
607 2032 672 2082 mul·
710 2032 839 2088 ‘Palatini
850 2045 925 2082 caum
934 2030 952 2081 ε’
964 2027 1110 2079 ‘Palatini'
1125 2022 1243 2092 quidem,

145 2098 256 2161 tiplicati
273 2107 341 2161 sant,
359 2109 387 2152 at
405 2102 449 2167 qai
464 2104 490 2153 ia
502 2105 565 2155 urbe
575 2121 670 2170 praees·
710 2112 776 2180 qnod
788 2109 912 2174 palatium
928 2107 983 2157 sive
1000 2105 1104 2156 domam
1116 2101 1242 2167 principis

144 2177 358 2240 ⁸²⁰¹s⁰⁰¹²⁸¹¹¹0⁸2
370 2179 414 2245 qui
428 2181 529 2230 veroin
541 2185 669 2246 exercita,
708 2189 837 2249 habitent,
863 2192 909 2234 aut
933 2184 1026 2232 saltem
1055 2179 1241 2243 frequentent:

144 2251 275 2303 Praetores
292 2254 457 2308 dicerentur:
481 2263 516 2309 ‘a
534 2260 669 2311 Pretore'
709 2267 798 2314 domas
815 2267 902 2311 antem
918 2257 1042 2322 princlpis
1064 2270 1098 2304 ex
1119 2268 1151 2302 eo
1169 2254 1243 2304 dicta

143 2333 230 2377 autem
243 2335 284 2379 est
299 2330 492 2383 ‘Praetorium'
709 2338 761 2388 fuit
772 2335 907 2400 naariam,
923 2331 995 2395 ⁴l¹¹⁰il
1015 2329 1049 2378 δῖ)
1066 2325 1241 2396 ommim·

175 2406 335 2456 ‘Paulinum
362 2410 518 2472 consueram]
545 2411 671 2462 Quintum
711 2416 781 2480 gusti
799 2408 957 2473 temporibus
968 2408 1143 2469 Imperatores
1151 2417 1241 2454 omues

142 2479 247 2530 Boethii
268 2480 518 2555 meritumomnibas
537 2484 671 2548 praedictis
712 2487 822 2540 Romani
848 2482 991 2534 habitarint
1008 2481 1034 2530 in
1055 2484 1143 2528 monte
1165 2478 1242 2529 Pala·

141 2564 216 2610 tanto
223 2557 529 2626 praeferendum'q'uanro
537 2561 607 2627 apud
619 2561 671 2612 Ro-
712 2569 775 2618 tino.
792 2561 900 2614 ‘Canes'
908 2574 971 2610 vero
978 2562 1112 2618 vocantur,
1119 2554 1173 2605 sive
1180 2554 1241 2627 qaia

139 2648 228 2685 manos
240 2635 310 2686 Socii
326 2637 487 2700 prestabant
501 2638 671 2688 Prouinciali-
711 2641 830 2709 praeiecti
839 2636 974 2699 custodia,
992 2635 1076 2684 instar
1089 2647 1190 2696 canunt,
1206 2632 1240 2682 a‹l

140 2709 187 2761 bas
200 2730 207 2761 ι
222 2726 272 2762 non
285 2714 353 2763 enim
363 2714 405 2764 hic
417 2715 451 2764 de
461 2715 670 2767 Prouincialibus
710 2720 780 2771 fores
791 2717 932 2767 assistant:
949 2712 1001 2762 sive
1010 2711 1070 2775 qaia
1077 2709 1183 2760 canibus
1190 2709 1237 2759 im-

139 2788 298 2852 tantum,sed
306 2790 439 2853 deserite,
447 2790 557 2842 immnet
568 2792 602 2842 de
610 2807 670 2842 con·
710 2795 884 2863 pudentioras‚
904 2806 948 2841 eos
969 2806 985 2840 a
1003 2789 1094 2854 quibas
1110 2789 1167 2838 lari
1186 2800 1237 2837 non

138 2865 265 2915 salaribus
287 2867 349 2914 viris
373 2867 513 2916 ‘Paulino'
532 2874 560 2917 et
580 2868 669 2917 ‘Albi-
710 2869 920 2932 suat,mordent,
937 2880 1077 2930 eorumque
1098 2863 1197 2930 ‘opes,'
1216 2863 1238 2914 si

139 2937 189 3001 no,’
217 2954 282 3003 qnos
298 2940 432 2989 ‘Palatini
450 2943 536 2991 cunes’
557 2950 586 2992 et
601 2944 668 3007 ‘Cy·
709 2961 760 2995 non
782 2946 877 3009 reipsa,
892 2945 984 2995 saltem
999 2943 1063 3007 ‘spe
1082 2947 1161 3006 atque
1183 2955 1236 2991 am·

140 3014 245 3077 prianus
264 3014 378 3063 delator'
395 3016 667 3080 impugnabant,beue
708 3022 805 3072 bitione
817 3017 1072 3072 devoraatbiantes.'
1095 3018 1236 3068 Postremo
1321 3050 1335 3073 χ

138 3089 249 3145 meritus
264 3090 450 3140 estBoe'tbius.
484 3094 666 3160 Primamqni·
706 3107 843 3165 utrumqne
869 3100 937 3150 hunc
965 3097 1125 3147 consularem
1151 3092 1236 3139 viram

139 3167 214 3215 dem‘
225 3166 367 3229 Paulinus,’
377 3167 431 3232 qai,
442 3169 509 3233 quad
522 3184 555 3220 ex
567 3171 663 3222 Decio·
702 3177 854 3228 Boitbiusa
871 3177 952 3227 tantis
964 3172 1087 3239 periculis
1102 3168 1235 3230 liberavit,

137 3256 193 3291 rum
204 3241 301 3292 familia
318 3242 407 3307 faerit,
422 3253 527 3304 ,vocatus
544 3257 585 3300 est
607 3251 669 3308 Des
701 3253 726 3303 in
746 3268 796 3318 quo
821 3253 967 3317 praesertim
980 3252 1115 3313 praecepta
1125 3243 1235 3317 pbiloso-

138 3319 204 3382 cius,
224 3319 319 3370 Consul
336 3320 387 3371 fait
403 3337 469 3372 anno
490 3326 585 3376 Christi
604 3331 662 3376 498.
702 3330 779 3394 phica
790 3334 916 3378 executus
935 3330 991 3373 csta
1009 3320 1174 3386 quamobrem
1182 3335 1236 3372 mc·

136 3395 207 3444 unde
228 3408 297 3444 nnnc
313 3397 458 3458 appellatur
480 3401 662 3451 ‘consularist’
703 3407 754 3455 rito
774 3417 844 3453 nnnc
857 3416 915 3450 suas
931 3403 1075 3462 exaggerat
1092 3397 1234 3450 discordias

135 3545 305 3610 Consulfuit‚
320 3546 389 3611 apud
403 3548 525 3598 Tullium.
561 3551 665 3600 Deinde
705 3567 809 3617 magnas
831 3553 921 3602 videor
946 3551 1115 3602 exacerbasse
1136 3552 1233 3604 discor·

135 3625 283 3688 ‘Albinusf
299 3624 354 3688 qai,
371 3623 446 3689 quod‘
457 3638 490 3673 ex
508 3625 599 3676 eadem
612 3629 665 3676 De·
706 3627 790 3680 dias?
810 3627 853 3678 ubi
864 3642 914 3678 non
936 3628 1082 3694 legendum,
1100 3636 1129 3679 ut
1142 3631 1231 3696 plures

134 3701 230 3751 ciorum
239 3699 338 3750 familia
346 3699 435 3764 fuerit,
443 3702 616 3756 etiamdietns.
624 3711 665 3754 est
704 3708 804 3770 legunt,
834 3720 1000 3756 exacernasae:
1024 3707 1231 3772 quandoquidem

134 3777 242 3841 Decius,
252 3778 349 3827 Consul
357 3776 409 3828 fuit
418 3793 485 3828 anno
497 3779 595 3829 Christi
604 3785 662 3832 493.
703 3784 810 3834 verbum
825 3783 874 3833 hoc
895 3783 976 3850 (quod
997 3783 1088 3849 sciam)
1111 3784 1232 3833 Latinum

135 3867 213 3916 quare
224 3869 293 3905 nunc
309 3869 411 3920 quoqne
425 3855 520 3906 dicitnr
536 3857 594 3905 ‘vir
604 3872 665 3907 con·
704 3877 754 3912 non
773 3867 836 3912 ecte
857 3862 902 3911 sed
919 3861 1006 3926 potius
1028 3860 1184 3916 narem,
1201 3861 1232 3904 ut

136 3929 227 3978 salaria
236 3928 252 3976 τ’
262 3930 329 3980 hunc
340 3930 587 3983 ‘Albinum’oderat
596 3934 604 3961 ‘
613 3936 663 3997 Cy·
705 3939 795 4002 legunt
810 3937 972 3998 valdericus,
987 3935 1148 3992 Bernartius,
1164 3929 1231 3978 Sita·

136 4004 246 4069 priauns’
264 4004 490 4071 fraterOpilionis,
501 4010 535 4059 de
544 4026 595 4075 qao
607 4018 659 4060 sta·
700 4027 820 4075 mannus,
828 4012 872 4075 qui
881 4013 928 4072 ait,
938 4011 964 4058 in
976 4005 1162 4066 manuscriptis
1177 4003 1230 4053 Rit-

136 4081 186 4130 tina
200 4079 315 4128 dicetura
332 4083 496 4144 quamobrem
515 4087 599 4149 ipsum
614 4102 657 4138 ac·
699 4089 819 4139 tershusii
831 4087 881 4150 legi
892 4085 1025 4136 exacuitur
1041 4077 1112 4142 quod
1122 4077 1228 4151 verbum

133 4154 244 4220 cutavit,
261 4153 398 4220 dictusque
413 4165 554 4221 propterea
570 4161 658 4212 ‘dela-
696 4159 892 4225 idemestqaod
902 4153 1060 4217 metm·
