2790 4800
180 291 246 379 102
534 317 685 374 norrun
709 324 758 374 nn
781 325 936 377 cuneos.

180 467 315 542 bantur,
350 463 490 530 lndolui.
548 465 635 536 Cum
671 466 804 531 acerbae
837 466 938 531 samis
974 473 1127 552 tempore
1165 466 1276 551 grauis

181 571 279 650 atque
307 566 554 647 inexplicabilis
577 567 703 630 indicta
730 564 918 631 coiimtiosf
950 571 1169 652 profligatura
1206 569 1278 632 ino·

178 668 237 752 pia
268 666 491 748 Campaniam
521 668 730 750 provinciam
752 669 925 747 videretur,
956 684 1126 736 certamen
1157 669 1277 734 adver-

179 786 255 831 sum
287 767 482 850 praefectum
515 770 686 852 praetorii‘
724 771 909 863 communis
946 772 1113 834 commodi
1146 770 1276 834 ratione

179 873 325 956 suscepi,
366 873 463 955 rege'¹
514 880 743 954 cognoscente
774 873 942 951 contendi,
979 880 1014 938 et
1048 893 1089 935 ue
1126 872 1275 939 coemtio

207 1051 224 1094 s
240 1047 325 1119 Vulgo,
334 1056 459 1118 monopolc.
523 1062 539 1128 8‘¹
551 1055 638 1117 Vulgo,
651 1053 777 1119 Cupitume
787 1057 828 1118 des
839 1055 941 1104 Gordec.
1006 1051 1019 1086 l
1037 1052 1185 1102 Theoderico.

675 1182 783 1234 NOTAE

210 1275 328 1331 ‘Indicio
339 1277 448 1343 cointio]
465 1281 592 1333 Quartum
603 1279 708 1331 Boethii
748 1279 791 1344 pia
810 1279 978 1344 Campaniam
1000 1278 1158 1345 provinciam
1174 1276 1278 1328 ridere

177 1356 435 1420 meritumpreedictis
444 1357 707 1421 idcircomajns,quod
748 1363 790 1407 tur
798 1356 814 1417 ξ’
824 1372 882 1406 cum
890 1358 1036 1407 ‘commune
1047 1355 1216 1406 commodnm'
1227 1356 1275 1404 bac
1333 1380 1336 1387 ·

178 1427 288 1480 Bo'e'tbio
307 1439 369 1481 tunc
389 1433 554 1496 pugnandum
573 1431 631 1494 suit,
655 1447 706 1481 non
747 1431 1277 1496 laedereturpproptereaarbitramnrbac

154 1505 260 1556 ’solum
282 1506 405 1558 adversus
428 1509 552 1573 quosdam
579 1509 707 1572 privatos,
746 1507 920 1557 ‘eoenrtioue’
936 1517 1076 1572 utrumque
1087 1507 1237 1570 significari,
1248 1513 1276 1557 et

177 1595 267 1634 verum
286 1584 365 1634 etiam
389 1585 529 1643 ‘adversus
551 1585 704 1647 proel'ectum
746 1581 923 1631 Provinciales
938 1581 1077 1644 predictas
1093 1582 1195 1644 species
1211 1581 1276 1630 fisco

176 1660 312 1724 prretoril,'
329 1661 491 1711 etadversus
506 1662 590 1726 ipsum
612 1661 705 1725 princi·
744 1657 857 1706 vendere
877 1657 970 1707 minori
993 1657 1088 1721 pretio,
1109 1663 1137 1706 et
1157 1655 1191 1705 ab
1214 1657 1274 1719 ipso

175 1749 252 1798 penu
279 1736 336 1786 sine
364 1737 438 1800 cuijus
465 1738 622 1787 auctoritate
650 1737 706 1787 bac
745 1733 849 1783 easdem
860 1733 954 1796 majori
972 1733 1058 1796 pretio
1074 1745 1161 1781 emere
1179 1745 1273 1794 cogen·

173 1809 316 1860 ‘coiimtio'
332 1811 481 1861 nonfiebat.
497 1813 647 1862 ‘eoem-tio'
662 1828 706 1863 au·
745 1809 806 1860 dos:
825 1809 885 1859 binc
904 1810 1030 1860 Bo'e'tbius
1047 1809 1189 1858 ‘adversus
1205 1822 1273 1870 pree·

175 1890 229 1934 tem
250 1885 373 1934 Romanis
404 1894 477 1936 certa
502 1897 559 1938 erat
583 1889 705 1938 connubii
745 1885 843 1936 fectum
864 1886 980 1949 praetorii
999 1892 1131 1935 certamen
1151 1882 1276 1947 suscepit,

174 1958 265 2021 forma,
277 1975 328 2023 qua
349 1968 456 2024 uterque
478 1964 575 2025 conjux
597 1965 704 2013 alterius
745 1961 824 2023 Rege’
836 1961 1202 2024 Tlreodorico‘cognosceute
1213 1972 1274 2008 eon·

173 2033 241 2083 bona
260 2033 298 2082 ita
321 2035 431 2096 emebat,
455 2042 483 2083 ut
509 2038 575 2097 alter
597 2039 703 2089 alterius
745 2036 837 2098 tendit,
847 2044 874 2086 et
887 2038 1036 2087 necodmtio
1047 2037 1203 2100 exigeretur,
1222 2035 1275 2084 evi·

173 2107 365 2159 beresfieret:
383 2109 648 2162 ‘Jurisconsultorum
664 2113 702 2164 in·
744 2109 797 2161 cit!
825 2112 877 2161 Sed
906 2112 968 2177 qnid
996 2109 1184 2173 ‘Campaniae’
1211 2110 1275 2174 quid

173 2184 268 2250 genio,'
280 2186 363 2251 inquit
372 2185 463 2236 Cicero
475 2188 600 2250 proMur.
612 2190 701 2240 ‘senes
743 2190 751 2216 ‘
765 2187 905 2251 praelectus
923 2186 1063 2251 pretoriil’
1084 2186 1225 2249 Campania
1234 2200 1275 2236 re·

174 2261 208 2312 ad
226 2262 383 2314 codmtiones
401 2262 533 2313 faciendas
553 2264 702 2315 interimen-
741 2263 783 2325 gio
802 2263 887 2313 ltaliae
910 2261 1090 2312 fertilissima:
1118 2261 1184 2310 banc
1213 2268 1274 2326 post

174 2337 265 2387 durant
276 2353 406 2388 sacrorum
418 2353 497 2387 carisa
508 2340 607 2402 reperti
626 2341 702 2392 suut.'
741 2339 854 2388 Plinium
876 2339 999 2389 describit
1016 2339 1104 2387 Florus
1122 2339 1142 2398 l,
1153 2351 1173 2387 1.
1195 2353 1220 2388 c.
1232 2343 1273 2387 16.

174 2413 245 2465 Hinc
261 2414 407 2465 ‘coemtio'
423 2415 519 2464 dicitur
537 2417 615 2466 etiam
637 2417 702 2467 illud
740 2415 895 2477 ‘Omnium'
913 2416 1006 2481 inquit,
1027 2417 1096 2464 ‘uon
1118 2415 1195 2464 modo
1216 2415 1271 2465 lta·

173 2492 365 2547 commercium.
373 2505 423 2554 quo
435 2491 611 2541 Provincinles
623 2494 701 2543 etism
742 2493 785 2551 lia,
798 2493 844 2543 sed
861 2499 916 2543 toto
928 2493 992 2543 orbe
1004 2486 1273 2555 terrarumpulelaer·

173 2558 267 2630 inriti,
283 2568 343 2617 urbi
363 2568 405 2616 rel
426 2567 551 2616 exercitui
573 2582 701 2617 annonam
742 2570 807 2618 rima
828 2570 977 2632 Campaniae
1007 2569 1084 2631 plaga
1107 2575 1157 2616 cst.
1200 2567 1275 2616 Nihil

173 2657 254 2706 parvo
284 2641 389 2692 nullove
417 2645 502 2707 pretio
530 2644 699 2707 suppeditare
741 2645 843 2695 mollius
866 2647 953 2694 coelo:
970 2643 1083 2706 deniqne
1106 2642 1146 2690 bis
1167 2639 1271 2690 floribus

172 2724 309 2781 coguntur·
331 2719 385 2779 Sic,
397 2727 504 2769 arretore
514 2721 605 2782 suida,
618 2724 699 2769 ‘onus
742 2726 839 2769 vernat.
874 2719 948 2768 Nibil
959 2717 1068 2767 uberius
1077 2717 1145 2767 solo:
1159 2716 1219 2765 ideo
1231 2717 1272 2764 Li·

170 2793 246 2854 illud,
274 2793 343 2857 quod
367 2792 530 2846 Justiuianus
561 2795 702 2860 Bithyniae,
741 2795 795 2846 beri
823 2794 979 2858 Cererisque
1004 2798 1137 2842 certamen
1162 2790 1270 2843 dicitur.

172 2866 306 2930 Pbrygiae,
318 2869 465 2916 ethraciae
477 2870 567 2920 incolis
577 2870 702 2922 frumenti
743 2871 814 2922 Nihil
830 2870 984 2934 hospitalius
1004 2870 1083 2920 mari:
1105 2869 1147 2920 bic
1167 2869 1214 2919 illl.
1228 2884 1272 2919 no·

172 2941 325 3006 Byzantium
338 2942 489 3006 perferendi
498 2946 702 2998 conditionedu·
742 2947 808 2998 biles
821 2953 922 3011 portus,
937 2945 1178 3009 Caieta,Misenus‚
1194 2951 1222 2995 et
1233 2953 1272 2997 te·

173 3018 275 3069 tissima
293 3018 424 3081 imposuit,
435 3019 566 3070 coemtio?
600 3023 702 3074 Graecis
742 3032 833 3088 pentes
846 3023 960 3074 sontibus
980 3023 1068 3074 Balce:
1091 3023 1225 3082 Lucrinus,
1243 3030 1272 3074 et

172 3094 261 3155 omani
278 3102 395 3146 vocatum
412 3092 471 3143 fruit.
499 3096 701 3168 Equuorursus
742 3100 870 3158 Avernus,
892 3101 1010 3165 qnoedam
1029 3099 1106 3149 maris
1123 3100 1184 3149 otia.
1219 3098 1272 3150 llic

169 3171 227 3223 lieri
242 3173 328 3238 potuit
339 3179 368 3222 ut
379 3171 559 3222 commercium
569 3171 641 3233 illud,
647 3187 699 3238 quo
740 3176 827 3225 amicti
839 3175 935 3225 vitibus
947 3181 1045 3223 montes
1057 3174 1169 3231 Gaurus,
1181 3177 1270 3225 Faler-

171 3249 289 3300 omnibus
308 3249 444 3314 speciebus
465 3247 498 3298 ab
517 3263 568 3298 nno
589 3248 698 3298 coenus
738 3264 797 3311 nus,
814 3251 953 3310 Massicus,
971 3255 999 3297 et
1016 3249 1206 3312 pulcherrimus
1216 3267 1270 3302 om·

170 3340 258 3378 onmes
280 3328 381 3391 species
392 3341 445 3376 uon·
454 3325 503 3375 nisi
514 3325 547 3375 ab
559 3339 609 3375 runo
620 3326 697 3377 vendi
736 3329 806 3377 nium
817 3325 954 3387 Vesuvius,
964 3324 1060 3374 lEtnaei
1069 3325 1136 3390 ignis
1144 3327 1270 3380 inritator.

171 3409 289 3467 possunt,
305 3402 449 3453 ‘coemtio'
468 3404 607 3465 diceretur,
620 3405 699 3467 vulgo
738 3405 823 3454 Urbes
835 3403 868 3452 ad
880 3417 960 3459 mare,
970 3402 1198 3466 Formiae‚Cttmre,
1216 3404 1268 3452 Pu·

170 3477 333 3538 monopolium.
353 3478 514 3531 Constatbic
528 3496 579 3531 non
589 3480 700 3547 intelligi
739 3481 811 3543 leoli,
822 3479 957 3545 Neapolis,
968 3479 1171 3541 Herculaneum,
1191 3479 1270 3528 Porn-

169 3550 374 3602 ‘coercitionem'
400 3556 555 3618 conjugum:
583 3558 700 3609 sednon
742 3558 803 3622 peii,
820 3564 848 3608 et
872 3557 928 3621 ipsa
949 3563 1029 3619 ceput
1048 3555 1148 3604 urbium
1170 3553 1271 3615 Capua,

170 3641 243 3694 mque
252 3629 635 3695 constat,iuquitSitzn1nunus,
651 3637 658 3663 ⁸
672 3651 700 3684 u·
741 3633 869 3697 quondam
879 3633 946 3680 luter
956 3638 1009 3679 tres
1018 3631 1150 3688 maximas,
1161 3629 1266 3676 nouam

170 3703 527 3774 trumP1·otincialesaflsco
538 3709 638 3769 species
654 3725 698 3758 an·
740 3707 972 3770 carthaginemque
983 3703 1135 3754 numerata.'
1152 3699 1267 3752 Praefec-

170 3779 289 3836 nouarics
308 3792 395 3827 eruere
414 3788 580 3843 cogerentur,
603 3797 698 3832 aneas
739 3792 781 3834 tus
799 3789 887 3831 antem
909 3780 1036 3844 praetorii,
1051 3786 1080 3828 nt
1097 3779 1135 3828 ait
1147 3778 1267 3845 Rorinus,

169 3853 511 3913 dseovendcrefotensibus
523 3857 615 3919 pretiis
627 3871 696 3906 conr·
737 3857 861 3918 ‘dicitur,
884 3857 926 3920 qui
944 3854 1067 3904 militibus
1090 3855 1122 3904 iis
1144 3867 1268 3921 preerat,

161 3930 348 3999 pellerentur).
380 3930 478 3980 Verum
489 3945 547 3980 cum
564 3930 697 3980 ‘co'e'mtio’
736 3949 799 4000 quos
818 3934 995 3996 Imperatores
1013 3932 1041 3981 in
1060 3933 1100 3982 sui
1121 3935 1266 3987 custodiam

169 4010 225 4061 luce
240 4007 365 4064 ‘indicta'
384 4005 463 4057 buerit
478 4007 486 4034 ‘
499 4006 600 4056 acerbae
620 4004 695 4056 famis
736 4006 896 4073 ellegerunt.¹
931 4007 1058 4058 Nimirum
1083 4010 1152 4074 apud
1174 4012 1268 4064 Rama·

169 4089 311 4150 ternpore&
323 4102 382 4139 cum
393 4084 511 4146 dicatnr‘
522 4083 694 4149 graviorique
733 4101 790 4148 nos,
802 4085 915 4150 Regibus
925 4085 1034 4145 exactis,
1046 4087 1126 4139 iidem
1135 4089 1266 4155 qui,quod

169 4160 357 4224 inexplicabilis
364 4164 381 4229 ς’
389 4176 447 4216 curu
456 4160 694 4230 ‘profligaturaino
733 4163 1181 4232 consulerentsenatum,Consules,
1194 4166 1266 4232 qnod
