2790 4800
496 296 755 346 Pfltbosotussffl
782 297 853 345 ula.
877 298 901 344 l.

148 439 252 502 Venit
262 441 351 502 enim
366 447 538 523 properata
550 441 648 504 malis
662 441 798 522 inopina
811 445 988 516 senectus}

196 540 240 602 Et
256 539 351 603 dolor
365 547 496 603 aetatem
506 541 609 623 jussit
629 542 738 605 inesse
754 562 862 606 suam.
1207 545 1250 607 10

152 736 193 780 tur
204 747 265 780 nnnc
273 736 392 783 aduersum
396 734 518 793 seriumne
532 735 595 784 aenis
605 736 688 792 tristis.
724 735 789 783 Num
799 738 903 784 maestus
913 733 1163 796 festinutcaeremnis,
1173 752 1250 787 acces·

151 797 185 844 ait
196 798 254 845 inibi
264 798 396 861 numerus,
410 805 433 848 ct
444 805 528 848 moero'r
538 800 618 863 effecit
628 804 655 847 at
665 804 725 847 oetns
735 813 777 846 suu
787 804 846 847 esset
858 799 885 845 ts
895 813 940 848 me.
982 801 1090 847 Canities
1107 807 1251 862 prccantum

644 902 758 952 NOTAE

151 996 194 1057 do,
211 1006 240 1048 ut
250 1000 361 1064 reliquas
372 1001 487 1064 ejusdem
499 999 620 1049 vocabuli
631 998 682 1060 syl·
724 1012 782 1060 quas
799 1003 877 1046 antea
893 1003 964 1045 motu
981 995 1188 1063 distendebatur,
1200 1017 1251 1053 mo·

149 1074 221 1123 labas
233 1078 362 1125 sustinere
376 1076 473 1137 possit:
492 1077 612 1138 exempla
621 1082 683 1124 snut
723 1082 788 1126 ratae
800 1077 857 1125 aliae
869 1077 925 1125 aliis
941 1079 978 1128 sic
992 1079 1153 1141 incumbant,
1162 1090 1193 1132 ut
1202 1085 1252 1133 sul·

149 1150 242 1214 cuique
251 1151 344 1200 obvia:
372 1152 682 1214 Virg.AEn.1v.vs.tlt.
723 1166 782 1200 cum
801 1153 928 1212 mentitae,
942 1156 1041 1205 vultum
1060 1170 1134 1205 arare
1148 1156 1255 1207 videm·

149 1224 323 1273 ‘Pectoribus
339 1225 440 1274 inhians
457 1227 584 1288 spirantia
594 1242 683 1277 consu·
722 1235 775 1276 tur.
809 1228 930 1292 Denique
947 1243 1020 1280 senes
1034 1237 1146 1281 tremere
1162 1233 1254 1294 solent,

149 1298 183 1346 lit
200 1298 278 1346 exta!
311 1299 413 1348 Deinde
429 1301 618 1352 observandum
630 1303 681 1353 dis·
722 1313 831 1368 propter
840 1305 950 1368 inopiam
967 1307 1103 1369 spirituum
1118 1309 1253 1358 acerebtu

151 1374 258 1432 crimen,
275 1375 342 1438 quod
363 1377 476 1425 nonnulli
494 1385 593 1440 ponunt
613 1379 682 1429 inter
719 1395 770 1442 per
785 1395 877 1429 nervos
894 1379 1053 1432 diffusorum.
1085 1385 1192 1448 Duplex
1209 1398 1253 1432 an·

149 1457 157 1479 ‘
165 1455 311 1518 juventus,'
322 1457 329 1483 ‘
337 1457 478 1519 juventas,'
493 1467 520 1506 et
532 1459 656 1521 ‘juventa
665 1457 681 1507 ε’
723 1463 776 1506 tem
797 1464 838 1506 est
856 1466 986 1519 senectus,
1006 1474 1099 1523 nempe
1119 1461 1254 1524 naturalis,

151 1545 208 1578 nam
228 1532 379 1595 ‘juventus‚'
397 1533 526 1598 inquiunt,
538 1543 578 1584 est
594 1537 680 1585 multi·
722 1539 750 1582 et
759 1533 874 1583 violenta
885 1549 891 1582 ε
903 1534 975 1595 prior
982 1537 1254 1598 annorum‚posterior

150 1605 213 1654 tudo
225 1607 360 1669 juvenum,
380 1609 388 1635 ‘
396 1609 536 1671 juventas'
555 1617 596 1659 est
614 1614 682 1671 Dea,
723 1610 1051 1672 aerttmnarumlougaserie
1062 1612 1173 1660 accidit:
1185 1612 1254 1662 unde

150 1681 682 1744 et‘juventa'aetas:sedbacnoncon·
724 1683 1076 1736 Ovid.l.t.dePout.El.t5.
1108 1687 1254 1737 ‘dammibi

148 1764 234 1807 stant:
252 1773 310 1806 nam
318 1760 626 1822 Sallustlnsjnventutem
637 1775 681 1808 vo·
723 1758 838 1807 deterior
848 1761 921 1809 canis
938 1762 1086 1825 aspergitur
1100 1769 1175 1824 aetas,
1185 1763 1255 1814 Jam-

149 1834 217 1883 csvit
228 1841 344 1883 aetatem.
372 1835 508 1883 Postremo
520 1835 682 1884 observanda
723 1849 773 1897 que
785 1850 855 1884 meos
867 1838 952 1885 vultus
963 1852 1027 1900 ruga
1038 1839 1125 1887 senilis
1135 1844 1192 1888 arat
1201 1872 1221 1888 ..
1230 1875 1253 1894 ..

150 1917 213 1957 aetas
221 1908 388 1973 Boiitbii,qni
395 1910 511 1972 quamvis
519 1910 562 1958 bic
571 1911 681 1973 seipsum
724 1909 855 1960 Confiteor
867 1910 954 1960 facere
969 1913 1018 1962 boc
1040 1929 1138 1964 annos:
1164 1914 1209 1964 sed
1225 1921 1254 1965 et

151 1983 224 2030 dicat
240 1998 338 2045 senem,
356 1991 409 2032 turn
432 1990 530 2045 tamen,
549 2000 606 2034 cnm
626 1986 681 2037 baec
722 1986 805 2035 altera
817 1994 956 2050 causaest,
968 1987 1182 2039 Auxictasanimi
1194 2005 1254 2039 con·

151 2058 289 2120 scriberet,
299 2058 412 2108 nondum
424 2061 548 2124 attigerat
559 2062 681 2127 quinqua·
720 2060 857 2126 daturusque
869 2062 941 2111 labor
950 2098 998 2115 ....
1009 2063 1054 2112 Me
1067 2079 1170 2128 qnoque
1182 2064 1255 2114 debi-

152 2134 276 2195 gesimum
292 2135 377 2184 astatis
396 2151 573 2203 aumantium:
598 2154 678 2203 prop·
718 2136 867 2186 litatseries
885 2138 1007 2187 immensa
1024 2138 1156 2188 laborum:
1183 2139 1253 2189 Ante
1300 2197 1306 2207 ¹

154 2216 226 2257 terea
243 2210 316 2261 addit
343 2226 371 2259 se
393 2227 444 2261 non
470 2219 521 2261 tam
545 2228 679 2278 annorum,
719 2226 803 2260 meum
818 2220 919 2274 tempus
939 2228 1019 2275 cogor
1035 2220 1065 2263 et
1084 2227 1139 2261 esse
1156 2215 1255 2263 senex!

153 2298 229 2348 quam
239 2301 408 2335 erumnarum
418 2290 484 2338 serie
494 2290 605 2338 senuisse
617 2291 663 2338 sic.
719 2285 801 2349 Atqui
811 2286 938 2334 Bo'e'tbins
948 2301 999 2333 non
1008 2287 1041 2333 ‹le
1049 2301 1146 2334 annosa
1159 2301 1205 2334 sua
1216 2301 1255 2334 sc·

184 2368 201 2402 ὅ
213 2361 283 2409 Venit
352 2365 469 2426 aenedas]
488 2364 627 2411 Rationem
646 2361 682 2410 af·
721 2365 829 2407 nectute
843 2359 1021 2421 conqueritur,
1039 2361 1059 2406 si
1080 2359 1184 2422 quidem
1199 2360 1255 2410 haec

152 2423 351 2499 fecissemus,
367 2452 414 2484 cur
430 2451 458 2484 se
472 2437 569 2485 dixerit
586 2452 683 2485 senem.
722 2448 773 2481 non
793 2433 886 2494 incipit
910 2441 970 2480 ante
989 2448 1084 2480 annum
1107 2434 1169 2483 vitae
1187 2435 1257 2497 qnin-

151 2513 279 2560 Senectus
292 2513 396 2575 qnippe,
410 2527 469 2576 quae
484 2520 590 2560 astatore
599 2512 682 2560 Tullio
723 2509 908 2572 quagesimum,
919 2522 995 2573 quem
1007 2507 1120 2556 noudum
1133 2509 1257 2572 attigerat

150 2586 250 2635 definiri
264 2597 352 2650 potest
371 2590 495 2636 ‘occasus
514 2587 594 2647 vitse‚'
605 2603 637 2636 ex
650 2603 682 2636 eo
723 2583 863 2644 Boiitbius3
886 2584 1054 2647 quandolsaec
1066 2583 1185 2647 scripsit:
1209 2585 1256 2633 aed

150 2664 362 2727 contingit‚quod
380 2663 462 2724 fibris,
474 2679 506 2712 ex
520 2664 609 2728 quibus
621 2664 681 2711 soli·
722 2660 755 2708 de
782 2673 925 2708 aertsmuosa
947 2659 1028 2706 solnm
1054 2673 1099 2707 sua
1120 2666 1256 2710 senectute

150 2737 189 2786 aa
201 2740 315 2801 corporis
329 2740 436 2788 animati
447 2747 534 2801 partes
551 2746 682 2799 constant,
721 2737 764 2786 hic
785 2736 910 2800 loquitur,
932 2750 1006 2799 quam
1026 2736 1124 2786 idcirco
1149 2737 1214 2786 dicit
1232 2742 1256 2787 l.

150 2814 295 2874 retardatis,
314 2816 414 2863 easdem
434 2823 522 2878 partes
542 2816 632 2862 sotidae
649 2815 682 2862 ad
721 2816 903 2877 ‘properatam
922 2810 1012 2872 malis,'
1039 2812 1107 2876 quod
1132 2827 1254 2860 aerumnas

150 2897 249 2938 tantam
261 2890 383 2938 duritiem
403 2891 567 2953 perveniant,
583 2897 614 2938 ut
631 2904 682 2937 non
721 2889 821 2939 fuerint
845 2889 913 2937 illius
936 2891 1077 2938 senectutis
1100 2904 1201 2938 caussas:
1228 2892 1253 2937 2.

149 2964 227 3013 modo
239 2978 289 3012 nou
308 2970 439 3021 crescant,
457 2963 504 3010 sed
522 2978 570 3011 ncc
590 2963 682 3011 nutriri
724 2965 872 3027 ‘inopinam
883 2965 898 3025 ;'
917 2966 985 3029 quod
997 2966 1052 3013 baec
1069 2972 1130 3013 ante
1152 2973 1255 3027 tempus

152 3039 263 3100 possint.
296 3037 682 3098 Hinccanitics,rngae,ettrc·
724 3038 842 3088 affuerit:
861 3044 885 3088 3.
906 3042 1028 3088 ‘aetatem
1054 3039 1167 3100 doloris,’
1186 3038 1253 3102 qnod
1287 3089 1289 3094 ⁴

151 3114 344 3162 morotiuntur.
377 3113 491 3162 Canities
504 3114 607 3176 quidem
618 3129 633 3162 a
645 3129 683 3163 se·
723 3132 781 3166 cum
800 3123 862 3165 aetas
878 3117 964 3165 senilis
984 3117 1098 3165 dolorem
1112 3113 1205 3161 afferre
1217 3126 1255 3159 so-

152 3197 259 3237 nectnte
276 3190 367 3250 oritur,
384 3189 452 3253 qnod
472 3204 573 3258 succina,
587 3205 619 3238 ex
631 3205 682 3253 quo
722 3193 784 3250 leat,
804 3191 877 3240 dolor
888 3191 1001 3240 Boiitbio
1015 3188 1135 3236 attulerit
1153 3193 1256 3235 aetatem

152 3264 219 3313 fittnt
228 3265 323 3327 capilli,
333 3266 414 3315 miuus
424 3272 507 3328 actus,
517 3266 682 3329 corpusculo·
722 3268 838 3317 senilem:
849 3268 908 3314 tnnc
917 3265 1027 3314 canities
1035 3261 1141 3310 Boethii
1152 3267 1257 3310 vocatur

152 3354 209 3387 rum
236 3339 401 3387 rotundorum
433 3339 540 3404 figuram
572 3341 680 3389 indunt:
722 3339 941 3403 ‘intempestivnss
956 3335 1124 3400 quodexilio,
1141 3350 1256 3399 carcere,

151 3422 292 3478 propterea
309 3413 377 3462 enim
395 3416 529 3464 albescunt
546 3415 602 3474 nia,
624 3430 681 3473 ova,
723 3419 868 3479 ceterisque
895 3411 1086 3459 calamitatibus
1113 3411 1255 3463 acciderit:

151 3493 251 3552 charta,
266 3482 349 3554 ips'nm
369 3490 448 3538 etiam
464 3496 636 3536 atramentum
657 3490 682 3536 in
723 3486 1256 3557 quemadmodumScaliger.Excrcit.312.

150 3581 266 3630 spumam
279 3579 450 3615 conversum:
470 3568 609 3626 propterea
624 3576 683 3611 cau·
724 3569 751 3614 in
774 3564 884 3614 Cardan.
920 3568 1018 3624 narrat,
1044 3564 1167 3627 quendam
1196 3566 1256 3615 snb·

57 3664 59 3666 v
151 3643 260 3692 descunt
273 3643 352 3691 lintea
363 3640 416 3689 rori
432 3640 537 3703 Solique
548 3638 681 3700 exposita:
724 3642 761 3690 ito
784 3639 873 3689 mortis
897 3647 995 3689 terrore
1013 3647 1163 3704 correptum
1180 3641 1256 3689 unius

151 3718 209 3767 binc
221 3720 242 3767 si
253 3719 344 3768 eadem
356 3717 506 3779 capillorum
519 3715 636 3774 materia,
646 3729 682 3763 re·
723 3717 807 3767 noctis
827 3715 910 3779 spatio
929 3716 1057 3765 cautusse.
1091 3717 1155 3765 Cum
1176 3730 1255 3778 porro

152 3802 274 3854 cnpernto
291 3809 337 3843 sno
356 3793 467 3857 pristino
479 3801 562 3852 motu,
577 3795 641 3840 banc
652 3792 680 3839 fi·
723 3794 843 3854 canities,
856 3806 936 3854 rngae,
955 3797 982 3839 et
1004 3800 1101 3839 tremor
1112 3789 1256 3839 senectutis

154 3883 240 3928 goram
248 3876 340 3931 mutet,
350 3869 459 3918 canities
472 3869 593 3916 exuitur:
614 3879 643 3915 nt
655 3869 680 3915 in
723 3884 773 3919 uon
786 3869 869 3918 minus
889 3881 1039 3916 aerumnosae
1058 3880 1134 3929 quam
1151 3875 1256 3910 annosae

154 3943 185 3991 iis
206 3944 340 4006 aliqnando
359 3945 478 4006 contigit,
497 3944 540 4008 qui
556 3943 681 3993 valetudi·
722 3949 775 3997 sint
792 3949 910 4006 comites,
940 3953 1082 4008 propterea
1109 3943 1200 3988 borum
1225 3934 1255 3985 fit

155 4018 195 4064 nis
210 4019 271 4066 vitio
292 4028 440 4069 canuerant.
473 4021 553 4082 Rugae
569 4022 646 4069 etiam
667 4036 682 4068 a
722 4026 820 4074 mentio
828 4022 1072 4070 versibusll.et12.
1083 4014 1154 4079 quasi
1162 4010 1257 4071 iruerint

154 4093 429 4142 senectuteoriuntur:
448 4094 595 4155 quodlibrae
607 4097 683 4156 cutis,
723 4099 806 4148 effoeti
827 4095 942 4158 corporis
962 4091 1064 4139 effecta.
1100 4086 1202 4148 Nempe
1219 4086 1256 4137 ef·
