2790 4800
171 249 195 312 2
622 226 812 309 drrsronn.

147 404 154 419 '
171 409 370 474 mationem:
387 409 442 472 hio
456 407 582 491 pridem
599 426 617 469 a
634 405 792 488 Philippo
809 404 954 468 Pulchro
965 403 1149 469 Galliarum
1158 404 1267 488 Rege,

171 511 339 575 literarum
364 509 637 590 literatorumque
662 505 891 569 amantissimo
916 505 1084 589 Principe,
1110 507 1267 570 honorili-

173 611 364 674 oentissime
378 615 552 690 exceptus,
576 627 681 688 prope
705 607 909 669 domesticus
933 613 993 682 est,
1017 609 1267 690 aulicorumque

172 730 299 774 morum
315 717 385 773 tarn
401 728 531 790 gnarus,
547 726 645 789 quam
663 708 705 768 ab
722 706 853 769 Aulicis
879 714 988 769 notus
1040 708 1096 771 Illi
1124 710 1268 791 profani,

173 812 275 887 nulla,
298 812 363 874 nisi
387 830 487 894 quam
511 810 596 872 forte
622 828 642 870 a
669 810 767 871 novis
795 810 1029 891 interpretibus
1053 818 1268 893 acceperunt,

174 915 298 996 pietate
336 912 624 976 commendantur:
662 911 715 973 bic
746 930 853 986 sacer,
882 910 1069 975 Christiana
1106 912 1269 996 Martyris

175 1016 395 1100 splendidius
412 1036 511 1098 quarn
520 1015 675 1077 Romana
690 1013 831 1076 Patricii
845 1014 948 1075 micat
963 1032 1119 1094 purpura.
1164 1012 1221 1077 Illi
1232 1017 1268 1078 in

174 1139 241 1183 uno
267 1119 434 1182 duntaxat
463 1117 594 1179 dicendi
624 1135 741 1197 genere
768 1115 904 1191 versati,
934 1121 995 1176 aut
1024 1115 1168 1178 solutam
1199 1117 1270 1180 sine

175 1223 303 1298 stricta,
319 1227 378 1284 aut
391 1220 536 1284 strictam
552 1220 623 1282 sine
638 1216 749 1280 soluta
763 1216 942 1280 orationem
956 1215 1095 1280 babent:
1118 1216 1173 1279 bic
1187 1219 1270 1280 utri-

175 1341 283 1404 usque
297 1323 458 1384 sermonis
473 1319 726 1395 scientissimus,
739 1325 774 1380 ut
787 1317 965 1400 persuadet
974 1323 1084 1382 orator
1095 1319 1269 1401 eloquenS,

177 1424 227 1487 sic
242 1423 344 1505 poeta
359 1422 474 1486 suavis
489 1421 638 1485 delectat.
684 1421 741 1483 Illi
757 1420 867 1482 Musis
883 1421 1088 1485 mollioribus
1103 1422 1272 1504 inspirati,

178 1525 250 1588 suis
274 1524 446 1587 sententiis
472 1522 501 1584 si
523 1540 589 1584 non
614 1519 750 1596 laedunt,
772 1521 890 1583 laesam
913 1522 1093 1584 ostendunt
1114 1531 1271 1604 mentem,

178 1646 277 1710 quam
293 1645 413 1689 sanare
428 1628 612 1707 nequeunt:
628 1622 696 1699 hio,
712 1622 851 1685 docente
867 1624 1023 1686 severiori
1040 1623 1271 1707 Philosophia,

177 1729 449 1810 perturbationes
476 1744 622 1790 errorum
647 1723 869 1806 vitiorumque
900 1743 1034 1801 causas,
1059 1727 1110 1790 ita
1133 1726 1271 1809 detegit,

176 1835 211 1891 ut
227 1831 268 1893 ad
284 1830 402 1893 mentis
418 1831 560 1892 salutem
574 1827 715 1891 multum
731 1826 880 1890 conferre
894 1845 999 1910 posse
1013 1827 1174 1892 videatur.

223 1929 261 1991 Si
272 1949 349 1992 vcro
363 1927 494 1992 Auctor
508 1929 565 1991 ille
579 1928 695 1991 faciles
711 1926 753 1989 ad
767 1927 817 1991 Te
832 1929 989 1991 habuerit
1004 1929 1130 2008 adituS,
1152 1930 1271 1995 Sunn-

181 2045 333 2092 urssrnu
349 2029 564 2104 Dnnrrrrun,
586 2028 748 2110 majorem
764 2028 923 2094 doctrinae
940 2031 1139 2115 virtutisque
1156 2052 1272 2098 acces-

175 2131 308 2218 sionem
324 2150 361 2193 se
376 2131 523 2213 sperabit
547 2130 723 2208 facturum,
740 2151 807 2195 non
823 2130 932 2194 solum
947 2132 981 2193 in
995 2132 1057 2209 Te,
1081 2135 1140 2197 sed
1156 2135 1190 2198 io
1204 2155 1274 2198 orn·

179 2233 278 2295 nibus
304 2232 404 2296 etiam
426 2231 708 2309 adolescentibus,
734 2232 776 2295 ad
803 2251 900 2314 quoS,
924 2232 1015 2296 velut
1041 2254 1063 2298 a
1089 2238 1202 2320 capite
1228 2240 1273 2303 od

177 2336 337 2412 membra,
351 2334 451 2417 regiae
462 2333 545 2398 Tuae
557 2334 772 2399 institutionis
786 2333 894 2396 forma
909 2333 1090 2398 derivatur.

222 2437 384 2520 Magnum
403 2436 537 2517 quidem
563 2443 627 2511 est,
651 2435 701 2499 Te
720 2434 978 2516 Geographiam
1005 2433 1272 2522 chronologiam,

181 2538 368 2601 Historiam
387 2545 455 2601 tam
476 2536 649 2618 profanam
666 2555 765 2616 quarn
781 2555 923 2611 sacram,
944 2538 1070 2602 eximia
1090 2539 1276 2608 Latinitate

181 2640 367 2701 cumulatas
389 2637 632 2720 perfectissime
656 2636 794 2700 callere:
818 2636 878 2699 sed
904 2637 1002 2720 lunge
1025 2640 1146 2722 majus,
1166 2642 1276 2722 illius,

181 2758 280 2821 quam
296 2741 432 2802 insitam
442 2740 546 2803 habes
562 2758 640 2802 cum
656 2737 696 2801 de
708 2737 769 2814 Te,
786 2743 856 2800 tum
868 2737 910 2801 de
928 2739 1003 2805 Deo
1018 2742 1147 2808 notitia
1163 2745 1272 2826 philo·

184 2841 369 2922 supbicum,
387 2842 477 2921 quod
498 2840 661 2906 Boethius
676 2841 733 2904 bic
750 2841 902 2922 suggerit,
925 2844 1078 2927 accipere
1096 2845 1279 2910 incremen-

182 2948 273 3008 tum:
296 2943 364 3005 illae
387 2945 505 3006 etenim
529 2944 659 3026 priores
683 2942 877 3025 disciplinae
901 2944 979 3008 huic
994 2945 1186 3026 posteriori,
1210 2967 1278 3011 non

184 3061 280 3107 secus
293 3064 333 3108 ao
342 3045 510 3126 mancipia
527 3045 670 3107 dominae
685 3043 901 3107 famulantur.
947 3044 1026 3109 Hac
1038 3045 1276 3113 informatione

183 3145 345 3230 Princeps
376 3151 468 3209 tanto
492 3145 594 3208 altius
616 3145 764 3226 populos
797 3145 1032 3227 supereminet,
1066 3152 1193 3227 quanto
1226 3151 1279 3213 sui

184 3251 351 3328 66166166,
368 3248 629 3330 Conditorisque
643 3247 840 3329 intelligens,
855 3245 994 3323 divitiis,
1008 3246 1201 3327 honoribus,
1218 3272 1278 3315 vo·

184 3350 419 3436 luptatumque
442 3352 617 3428 illecebris,
649 3351 772 3432 quibus
787 3351 896 3432 regale
917 3348 1039 3427 solium
1059 3351 1280 3416 circumfundi

186 3452 285 3528 solet,
301 3458 486 3532 contemtis,
503 3463 538 3519 et
556 3453 751 3517 humiliores
772 3452 814 3516 de
826 3452 1006 3534 semetipso
1022 3459 1056 3516 et
1069 3455 1281 3519 sublimiores

186 3551 226 3613 do
241 3552 354 3616 divina
369 3557 542 3638 majestate
558 3558 706 3639 concipit
721 3576 849 3620 sensus.
887 3554 967 3618 Non
980 3555 1174 3620 omittendae
1184 3567 1281 3622 erant

185 3671 246 3726 eae,
262 3672 338 3734 quae
354 3657 463 3717 animo
479 3657 554 3718 Tuo
572 3677 647 3719 vere
664 3659 756 3738 regio
778 3658 950 3737 impressae
974 3663 1060 3734 sunt,
1084 3665 1173 3721 artes
1192 3658 1281 3740 inge·

186 3773 280 3817 nuae:
304 3757 363 3818 sed
379 3756 447 3832 illa,
462 3776 562 3844 quarn
577 3757 903 3838 Bo'dthiusinspirat,
918 3757 1074 3823 humanae
1090 3759 1280 3840 divinaeque

185 3842 312 3920 naturae
326 3859 445 3921 notitia
461 3859 539 3921 Tibi
555 3860 690 3922 omnino
706 3860 897 3923 necessaria
911 3859 1062 3924 videtur:
1085 3859 1162 3921 suis
1179 3861 1280 3925 etiam

187 3965 321 4042 sceptra
344 3979 409 4021 non
433 3962 729 4036 carent'miseriis,
756 3961 877 4042 quibus
901 3960 1170 4045 philosophicum
1195 3962 1280 4025 illud

187 4060 341 4126 Consulis
357 4061 503 4128 Rotnani
515 4063 694 4126 remedium
711 4064 832 4127 utiliter
846 4071 957 4147 potest
970 4064 1131 4129 adbiberi.
1191 4093 1192 4096 ¹
