2790 4800
388 275 436 321 nn
460 273 624 331 nonnum
649 272 693 318 ar
718 271 808 322 urus
830 272 1009 321 sonrrrrs.
1203 261 1248 324 55
1267 255 1274 265 ”

151 417 229 498 ipso
238 418 402 495 Patricio,
419 416 564 493 Boethii,
577 421 615 480 ut
630 417 777 500 plerique
793 436 909 480 omnes
924 416 1066 506 tradunt,
1076 434 1205 493 socero,
1221 436 1242 480 a

148 515 1242 599 Theodorico,GothommRege,primumTioinumrelegati,dein-

151 615 195 678 de
210 618 319 680 necati
337 622 426 695 sunt,
441 617 531 700 qnod
547 618 581 680 in
600 615 788 681 libertatern
802 619 966 701 populum
982 617 1175 681 Romanum
1191 619 1241 683 vi-

150 715 305 782 derentur
318 719 405 783 velle
419 719 596 783 vindicare.
642 719 723 783 Fuit
738 719 912 796 Boethius
926 725 966 782 ut
981 719 1087 795 scitis,
1102 721 1137 782 in
1153 719 1242 784 omni
1314 755 1317 760 ·

149 815 327 900 disciplina
339 823 466 904 egregie
479 822 611 895 doctus,
636 820 727 902 quod
749 821 847 884 vobis
868 820 999 903 liquido
1014 821 1147 902 exejus
1168 840 1241 884 mo-

149 922 311 985 numentis
323 931 476 988 constare
488 928 612 1005 potest.
657 920 726 981 Sed
738 919 825 1000 quod
853 920 897 982 ad
923 926 1122 1000 praesentem
1139 925 1241 984 mate·

148 1017 229 1082 riam
244 1024 374 1100 attinet,
390 1025 424 1087 in
439 1020 626 1104 pangendis
642 1020 798 1083 versibus
812 1019 897 1085 mira
907 1039 990 1082 usus
1005 1025 1056 1082 est
1068 1017 1244 1085 facilitate.-

150 1118 202 1182 De
218 1121 277 1185 illo
294 1123 391 1203 plura
405 1104 875 1202 colligere‘snpervacaneum,
899 1120 1032 1202 quando
1054 1120 1126 1202 ejus
1146 1121 1240 1187 volu-

147 1219 240 1283 mina
251 1226 332 1283 nota
347 1226 425 1284 sunt
440 1222 606 1285 omnibus.
629 1221 714 1304 Ejus
727 1228 819 1286 certe
833 1221 1000 1302 ingenium
1013 1220 1056 1284 ad
1071 1240 1131 1285 eas
1143 1227 1242 1298 artes,

152 1337 229 1400 quae
253 1340 353 1403 supra
376 1323 491 1387 literas
510 1329 597 1401 sunt,
621 1324 738 1387 mirum
764 1326 798 1387 in
822 1324 959 1388 modum
981 1324 1167 1388 celebratur
1196 1324 1241 1386 ab

152 1417 228 1500 ejus
243 1423 394 1488 occisore
407 1424 621 1490 Theoderico
638 1422 754 1507 Rege?

661 1592 726 1657 IV.

188 1713 501 1800 MagdeburgenseS,
513 1718 669 1783 Centuria
677 1721 709 1784 (i
719 1738 794 1802 cap.
804 1720 856 1782 10.
871 1719 913 1782 de
926 1719 1109 1802 Episcopis
1117 1723 1152 1782 et
1160 1719 1240 1784 doc-

146 1816 288 1893 toribus,
311 1817 526 1895 ‘Boiithius,'
549 1821 715 1902 inquiunt,
738 1818 906 1884 ‘Anicius
935 1821 1083 1885 Manlius
1109 1820 1240 1884 Severi·

61 1976 72 1991 ,
144 1936 220 1994 nus,
243 1918 410 1981 Patricius
426 1929 462 1982 et
478 1918 615 1998 Consul,
636 1922 686 1986 vir
701 1921 823 1986 Graece
841 1928 876 1984 et
891 1921 1008 1986 Latine
1023 1921 1238 1986 doctissimus

146 2016 222 2093 fuit,
236 2023 271 2079 et
282 2018 406 2082 multos
421 2021 454 2084 in
469 2021 687 2105 Philosophia
708 2022 852 2105 aliisque
866 2022 1067 2106 disciplinis,
1090 2027 1158 2085 tum
1182 2040 1238 2117 soff

146 2116 219 2180 luta
228 2123 296 2181 tum
310 2118 412 2201 ligata
425 2123 573 2187 oratione
583 2124 804 2208 conscriptos,
815 2125 918 2189 libros
929 2127 1073 2208 posteris
1082 2119 1239 2204 reliquit.'

666 2282 714 2346 V.

189 2394 211 2459 J
214 2403 308 2460 ustus
322 2398 473 2480 Lipsius,
487 2400 557 2480 qui,
577 2417 653 2462 cum
670 2398 714 2461 ob
739 2396 899 2459 eximiam
921 2415 1019 2459 snam
1044 2397 1239 2476 doctrinam,

146 2506 218 2561 tum
227 2500 374 2562 maxime
385 2500 429 2562 ob
440 2500 619 2579 ingenuum
629 2498 730 2562 animi
742 2498 930 2573 candorem,
946 2497 1056 2560 doctis
1066 2497 1188 2578 pariter
1199 2517 1240 2564 ao

144 2599 263 2682 probis
278 2602 432 2665 omnibus
452 2601 583 2678 colitur,
598 2621 663 2665 non
680 2601 790 2665 solum
805 2600 925 2663 laudat
939 2598 1119 2662 Boethium
1133 2601 1166 2663 in
1183 2599 1238 2665 ci-

144 2701 203 2764 vili
218 2722 280 2766 sua
297 2703 461 2767 Doctrina
477 2703 621 2786 aliisque
639 2702 711 2767 suis
738 2703 910 2785 operibus,
936 2701 996 2763 sed
1021 2701 1169 2765 scribens
1192 2703 1240 2780 ad,

145 2801 268 2866 Janum
288 2805 502 2869 Bernartium
516 2811 693 2886 cognatum
717 2824 828 2881 snum,
859 2805 900 2867 de
926 2802 1164 2868 Consolatione
1191 2805 1235 2867 ab

143 2893 208 2967 hoo
222 2906 388 2970 illustrata
403 2906 637 2980 etemendata,
653 2905 714 2978 hos
727 2906 865 2986 protulit
879 2905 1085 2970 Phaleucos:

317 3047 369 3109 En
385 3046 549 3110 Boethius
564 3049 632 3124 ille,
648 3049 705 3131 qni
720 3050 900 3131 sophomm

316 3148 356 3211 In
371 3149 489 3231 primis
504 3149 630 3231 sophus
646 3168 721 3214 esse
735 3151 911 3231 gloriatur:

315 3249 386 3327 Qui
400 3251 537 3315 doctum
549 3252 660 3326 nimiS,
676 3257 709 3314 et
725 3253 806 3315 satis
822 3251 982 3314 disertum

316 3352 484 3433 Scriptum
498 3353 562 3416 hoc
578 3353 693 3428 edidit,
707 3354 852 3414 omnium
866 3353 1032 3412 bonorum

318 3454 448 3515 Bonum
461 3452 603 3533 judicio.
646 3454 714 3515 Sed
730 3453 766 3513 id
782 3450 937 3513 tenebras

315 3555 408 3618 AEvo
424 3558 482 3616 aut
497 3552 630 3632 ingenio
646 3558 766 3633 suopte
779 3548 947 3628 habebat3

316 3655 413 3734 Quas
432 3654 627 3719 Bernartius
642 3653 710 3729 ille,
726 3651 788 3714 flos
802 3669 951 3714 meorum

316 3760 506 3840 Belgarum,
521 3758 663 3840 pepulit,
680 3755 855 3838 facemque
870 3755 994 3818 claram

314 3859 347 3924 Α
364 3881 400 3924 se
414 3861 581 3945 praetulit:
603 3859 690 3924 hanc
706 3877 854 3942 sequere,
869 3857 1021 3940 quisquis
1046 3936 1058 3957 0

316 3961 487 4024 Doctrinae
503 3961 746 4043 sapientiaeque
762 3960 870 4024 cultor

323 4061 403 4126 Non
417 4063 543 4141 audire,
559 4063 618 4127 sed
634 4082 718 4141 esse,
732 4058 957 4142 concupiscis.
