2790 4800
143 268 165 330 8
597 288 628 333 r.
652 287 778 333 aunrrr

145 447 336 508 crasson.
360 431 616 495 onunrnnrvs.
641 448 744 494 ritu.
769 445 907 492 nvuvs.
930 444 1148 493 srucvunnr.
1174 447 1238 494 na-

146 549 316 599 crotone.
341 547 517 595 numeru.
543 548 788 596 nnorclnvnr

144 713 210 778 Cui
224 713 344 778 similis
357 712 458 775 etiarn
470 713 537 777 alia
550 711 725 793 inscriptio
737 712 949 793 conspicitur,
964 710 1077 792 posita
1092 712 1136 774 ab
1149 711 1237 775 Her·

143 814 339 896 mogeniano
355 811 505 896 Olybrio,
521 821 554 876 ct
566 831 670 876 uxore
687 810 808 875 Anicia
821 811 969 876 Juliana.

153 975 156 980 ,
176 915 390 997 Praecipuum
400 922 512 979 autern
519 914 657 978 familiae
669 912 801 977 Aniciae
814 913 917 976 decus
926 913 1002 989 suit,
1012 912 1102 996 quod
1115 914 1240 978 Christi

144 1017 243 1080 fidem
263 1017 431 1099 amplexa,
445 1017 559 1080 multis
579 1016 654 1079 aliis
679 1015 800 1080 Romae
823 1015 1013 1098 exemplum
1033 1014 1124 1080 dedit
1145 1016 1240 1078 dese-

144 1119 236 1182 rendi
253 1117 456 1182 Gentilismi.
480 1117 698 1181 Prudentius:

230 1281 351 1344 Fertur
365 1281 452 1343 enim
467 1285 543 1344 ante
560 1280 646 1344 alios
661 1299 835 1375 generosus
849 1278 993 1345 Anicius
1005 1282 1099 1345 urbis

230 1383 427 1448 illustrasse
442 1387 552 1464 caput
597 1382 655 1445 Sic
671 1402 707 1444 se
723 1381 835 1446 Roma
853 1383 980 1465 inclyta
990 1384 1110 1466 jactat.

233 1481 325 1560 Quin
340 1488 372 1547 et
389 1482 560 1566 Olybriaci
577 1482 751 1565 gentisque
767 1491 802 1545 et
814 1484 958 1546 nominis
971 1484 1091 1562 haeres,

230 1584 384 1670 Abjectis
395 1584 503 1660 fastis,
518 1584 667 1667 palmata
681 1583 820 1661 insignis
837 1585 879 1647 ab
895 1586 982 1661 aula,

229 1680 390 1772 Martyris
405 1691 481 1750 ante
495 1686 584 1749 fores
601 1685 697 1748 Bruti
713 1685 906 1748 submittere
921 1685 1033 1751 fasces

230 1789 358 1866 Ambit,
374 1797 409 1853 et
425 1787 609 1853 Ausoniam
625 1785 756 1861 Christo
771 1787 933 1851 inclinare
949 1791 1102 1853 securim.

194 1971 381 2050 Spectatur
410 1969 531 2034 Rornae
561 1971 668 2033 adhuc
699 1968 811 2035 Anicii
837 1970 989 2035 Petronii
1013 1979 1048 2035 et
1077 1972 1243 2050 Faltoniae

147 2070 272 2134 Probae
290 2070 490 2152 sepulerum,
516 2071 603 2133 adeo
619 2070 848 2151 magnificum,
863 2079 902 2134 ut
914 2072 974 2135 vix
990 2071 1082 2134 aliud
1098 2074 1244 2154 splendi-

148 2173 225 2235 dius
240 2171 394 2236 credatur
409 2173 443 2236 in
458 2192 498 2236 ea
510 2174 592 2235 urbe
607 2179 735 2237 extare.
780 2174 864 2258 Ejus
876 2173 1130 2255 inscriptionem
1145 2193 1244 2238 unam

144 2274 288 2338 carmine
302 2273 440 2352 laetam,
456 2277 537 2358 quia
552 2275 587 2337 id
606 2281 758 2352 meretur,
783 2282 816 2340 et
830 2277 910 2358 quia
924 2274 968 2337 ad
981 2272 1112 2338 Aniciae
1137 2277 1243 2356 gentis

145 2376 284 2456 gloriam
297 2375 390 2455 facit,
407 2395 595 2460 apponam:

186 2543 363 2606 Sublimes
379 2544 533 2626 quisquis
549 2547 667 2623 tumuli
681 2545 853 2609 miraberis
867 2563 974 2620 arces,

235 2642 353 2721 Dicae,
367 2651 513 2727 quantus
530 2655 602 2712 erat
617 2648 676 2729 qui
692 2646 822 2709 Probus
834 2645 892 2707 hic
907 2646 992 2708 situs
1006 2644 1078 2707 est!

187 2743 391 2809 Consulibus
407 2749 541 2828 proavis
557 2765 738 2828 soceroque
753 2746 937 2809 exconsule
952 2744 1069 2827 major,

231 2843 336 2922 Quod
355 2849 503 2927 geminas
519 2848 642 2913 consul
655 2845 800 2910 reddidit
814 2847 889 2929 ipse
904 2847 1032 2912 domos.

187 2945 372 3012 Praefectus
388 2957 542 3031 quartum
558 2955 629 3014 toto
646 2948 786 3013 dilectus
801 2950 835 3014 in
851 2950 944 3028 orbe,

230 3049 299 3114 Sed
314 3049 403 3114 sama
419 3070 575 3115 emensus
593 3051 754 3134 quicquid
769 3053 802 3116 in
817 3055 897 3116 orbe
913 3052 1081 3115 hominum
1094 3057 1158 3112 est.

186 3151 356 3227 AEternos,
369 3151 446 3228 heu,
462 3151 583 3228 Roma,
600 3151 664 3214 tibi
679 3152 736 3234 qui
751 3158 909 3232 posceret
924 3169 1038 3225 annua,

229 3254 297 3318 Cur
312 3272 377 3316 non
392 3261 469 3318 vota
485 3254 533 3317 tui
550 3253 636 3316 vixit
649 3251 692 3314 ad
709 3271 817 3334 usqne
831 3251 937 3314 bonit

186 3353 288 3418 Nunc
304 3374 380 3418 cum
394 3356 563 3419 sexdenos
577 3354 705 3417 mensis
720 3351 939 3434 suspenderet
953 3371 1071 3430 annos,

228 3455 372 3520 Dilectae
387 3477 406 3520 e
421 3457 546 3539 gremio
560 3461 678 3539 raptus
694 3455 727 3519 iu
744 3454 851 3518 aethra
865 3455 996 3520 Probae.

185 3555 251 3618 Sed
266 3559 404 3638 periisse
419 3560 565 3623 Probum
579 3559 706 3622 meritis
722 3579 783 3642 pro
798 3558 924 3622 talibus
935 3557 1025 3620 absit

228 3656 363 3738 Credas,
378 3660 502 3737 Roma,
517 3668 633 3724 tuum:
657 3661 752 3737 vivit,
767 3666 802 3721 et
817 3666 907 3722 astra
920 3663 1023 3722 tenet.

184 3757 338 3839 Virtutis,
353 3762 443 3840 fidei,
465 3763 611 3845 pietatis,
627 3761 759 3826 honoris
774 3761 914 3836 amicus,

227 3862 359 3928 Parcus
373 3883 475 3946 opum
489 3861 584 3939 nulli,
599 3861 711 3944 largus
726 3869 763 3926 at
780 3862 854 3943 ipse
867 3862 941 3926 fuit.
963 3939 966 3942 ⁴

182 3964 344 4028 Solamen
359 3963 444 4027 tanti
459 3962 608 4044 conjunx
621 3971 732 4028 tamen
747 3963 875 4047 optima
888 3962 1008 4033 luctus,

227 4065 306 4129 Hoc
323 4064 437 4129 Proba
452 4064 574 4128 sortita
587 4072 649 4142 est,
660 4065 781 4146 jungat
795 4068 832 4126 ut
847 4084 928 4128 urna
942 4082 1054 4148 pares.
