2790 4800
146 275 191 341 36
385 342 389 350 ,
559 289 710 337 uournu
736 291 834 339 vrrs.
951 287 952 290 ’

147 436 338 501 restabant:
362 432 482 513 etjam
497 434 638 497 multum
653 440 871 517 processerat,
892 435 1113 517 Augustiuum
1140 457 1237 501 seeu-

147 544 212 614 tuS,
223 542 259 600 ut
274 537 347 617 ipse
363 534 405 597 de
418 534 581 598 Trinitate
597 534 642 599 ad
657 535 895 618 Symmachum
911 539 1062 602 scribens
1079 539 1236 604 affirmat:

148 637 299 716 ‘Vobis'
322 638 440 719 inquit,
467 639 478 670 ‘
492 635 740 719 inspiciendum
755 644 819 714 est,
838 658 882 701 an
896 660 940 702 ex
955 641 1046 704 beati
1061 639 1239 720 Augustini

148 741 283 823 scriptis
299 739 429 803 semina
448 736 612 801 rationum
637 737 671 799 in
692 757 755 800 nos
778 740 944 802 venientia
966 741 1091 803 fructus
1107 742 1239 824 aliquos

146 841 335 909 intulerint!
371 841 426 904 Ex
441 839 565 922 quibus
580 838 665 902 illud
681 841 783 901 etiam
794 839 961 923 conjicere
977 860 1167 922 possumus,
1182 863 1241 906 cur

146 964 236 1009 nono
252 944 385 1007 demum
402 959 488 1004 anno
501 939 734 1004 Theodericus
750 939 943 1003 Severinum
958 948 991 1004 et
1005 941 1240 1024 Symmachum

148 1046 293 1111 necarit:
316 1064 358 1108 an
373 1044 454 1125 quia
469 1060 572 1105 senex
586 1042 621 1104 iu
636 1041 829 1122 opinionem
841 1039 915 1104 Arii
931 1041 1064 1119 deiecit,
1082 1052 1116 1106 et
1131 1043 1241 1107 inimi-

148 1168 208 1212 cus
237 1148 322 1211 adeo
353 1144 539 1208 Catholicis
569 1144 688 1220 evasit,
707 1148 744 1206 ut
767 1162 885 1206 eorum
906 1144 1030 1226 templa
1052 1144 1182 1209 diruere
1203 1148 1237 1209 in

148 1251 250 1313 Italia
264 1246 418 1324 voluerit,
435 1247 465 1308 si
480 1243 503 1309 J
504 1246 635 1310 ustinus
650 1243 796 1308 Arianos
808 1245 842 1308 iu
855 1242 942 1308 Asia
956 1264 1024 1307 non
1037 1248 1238 1310 restitueretl

148 1352 414 1432 Propugnatores
428 1354 539 1411 autem
556 1348 628 1411 sani
642 1345 811 1427 dogmatis
824 1368 901 1412 cum
911 1349 996 1410 alias
1013 1367 1158 1431 semper,
1169 1356 1240 1413 tum

148 1454 319 1536 praecipue
339 1470 381 1516 eo
397 1457 562 1531 tempore,
578 1447 746 1514 Boethius
761 1457 794 1514 et
808 1451 1029 1533 Symmachus
1046 1451 1239 1515 extiterunt.

149 1554 372 1632 Quamobrem
405 1560 565 1634 tyrannus
594 1551 766 1634 conjectos
793 1554 826 1616 in
857 1571 1021 1616 carcerem
1049 1552 1241 1617 obtruncari

143 1657 257 1739 jussit.
300 1654 411 1717 Ticini
432 1652 551 1716 incolae
575 1671 742 1734 sempera
764 1653 948 1736 majoribus
974 1654 1131 1717 traditum
1158 1673 1239 1717 con-

148 1763 277 1820 stanter
292 1759 498 1830 asseverant,
508 1752 714 1832 Severinum,
727 1774 804 1818 cum
816 1756 924 1837 regius
940 1753 1127 1837 spiculator
1141 1754 1242 1817 letale

147 1859 268 1921 vulnus
280 1856 459 1932 intulisset,
471 1863 614 1938 utraque
628 1877 728 1921 mauu
740 1857 904 1921 divulsum
915 1861 1018 1938 caput
1027 1855 1240 1931 sustinuisse,

148 1961 449 2037 interrogatumque
465 1976 487 2020 a
502 1977 646 2039 quonam
669 1978 705 2020 se
728 1972 929 2039 percussum
951 1958 1169 2032 existimaret,
1185 1953 1240 2019 Ab

148 2060 274 2141 impiis,
290 2059 526 2140 respondisse3
556 2064 655 2140 atque
683 2060 731 2122 ita
755 2079 831 2122 cum
853 2061 886 2122 iu
910 2060 1058 2123 vicinum
1081 2059 1241 2140 templum

148 2164 307 2238 venisset,
332 2168 366 2224 et
386 2159 487 2224 flexis
511 2160 650 2242 genibus
674 2166 753 2222 ante
778 2160 882 2223 altare
906 2179 1004 2223 sacra
1023 2161 1240 2243 percepisset,

146 2272 227 2350 post
257 2263 395 2346 paulum
426 2263 611 2345 expirasse.
683 2260 860 2326 Extinctus
893 2261 1023 2325 divinos
1051 2262 1192 2326 honores
1220 2279 1242 2324 a

145 2370 267 2433 nostris
293 2374 499 2431 consecutus
527 2370 590 2440 est,
610 2363 704 2448 quod
727 2381 789 2445 pro
806 2362 992 2428 Catholicis
1009 2366 1129 2429 cbntra
1143 2363 1240 2447 perti·

150 2472 240 2533 diam
262 2468 337 2532 Arii
359 2473 495 2531 mortem
514 2465 714 2530 sustinuerit.
761 2465 849 2528 Sunt
871 2466 929 2548 qui
951 2468 1110 2545 scribant,
1128 2469 1239 2550 ipsum

148 2580 247 2634 antea
262 2570 462 2634 Ravennam
478 2568 689 2644 accersitum,
700 2566 933 2649 Praetorioque
948 2566 1054 2649 Regis
1077 2570 1240 2651 praeposi·

149 2680 232 2745 tum,
243 2690 324 2733 mox
337 2691 412 2735 cum
430 2671 558 2752 aliquot
571 2671 785 2733 senatoribus
795 2669 965 2732 occisum:
981 2668 1071 2750 quod
1087 2667 1238 2750 Symma-

147 2774 210 2837 cho
228 2772 341 2853 potius
363 2774 539 2837 convenire
554 2772 694 2836 videtur.
738 2772 851 2836 Turris
866 2772 954 2834 enim
965 2769 1108 2835 lateritio
1124 2769 1239 2851 lapide

146 2872 328 2936 fabrefacta
354 2873 536 2937 etiamnum
562 2873 673 2937 Ticini
700 2878 916 2951 monstratur,
944 2871 1078 2936 Bo'etbii
1105 2890 1238 2952 carcer3

147 2973 406 3058 sepulcrumque
421 2975 503 3056 ‘ejus
532 2976 570 3039 in
594 2975 665 3038 aede
690 2975 778 3038 beati
802 2973 987 3058 Augustini
1015 2974 1146 3052 visitur,
1170 2991 1240 3056 qua

146 3085 243 3161 parte
267 3076 301 3139 in
330 3074 466 3158 adytum
495 3076 611 3156 templi
640 3093 798 3140 ascensus
822 3077 952 3160 incipit,
974 3077 1039 3141 hoc
1054 3074 1237 3160 Epitaphio

145 3200 306 3248 mersum:
880 3196 887 3208 ·

231 3384 383 3448 Moeouia
396 3388 432 3446 et
444 3380 544 3447 Latia
558 3381 673 3463 lingua
686 3382 908 3458 clarissimus,
924 3385 956 3445 et
970 3381 1028 3465 qui

274 3484 402 3549 Consul
417 3504 519 3563 eram,
529 3486 582 3550 hic
595 3487 692 3568 perii,
708 3487 831 3550 missus
844 3486 880 3549 in
896 3484 1045 3550 exilium.

232 3579 276 3647 Et
290 3586 371 3666 quia
385 3603 476 3649 mors
490 3588 615 3670 rapuit,
629 3589 784 3673 probitas
799 3604 853 3650 me
864 3588 958 3651 vexit
974 3584 1016 3648 ad
1031 3600 1140 3646 auras.

274 3685 327 3747 En
338 3704 426 3750 nuuc
442 3688 532 3753 fama
547 3691 637 3772 viget
650 3690 810 3763 maxima,
820 3688 911 3753 vivet
920 3702 1014 3768 opus.

146 3800 240 3887 [Vid.
258 3802 393 3868 Praefat.
408 3805 519 3887 Bertii
531 3826 633 3889 supra
648 3826 680 3889 p.
696 3802 764 3881 22]

188 3995 427 4062 Circumfertur
457 4006 493 4062 et
527 3997 617 4062 aliud
648 3994 816 4075 Elegium,
844 4014 913 4077 quo
943 3991 1131 4077 sepulcrum
1163 3992 1235 4075 ejus

143 4102 365 4166 exornabatur
389 4105 562 4184 autequam
580 4099 650 4163 illic
672 4117 694 4162 a
715 4096 922 4182 Luitprando
944 4094 1236 4180 longobardorum
