2790 4800
501 299 759 350 rursusortum
784 300 858 349 urs.
884 301 907 347 r.
1205 284 1249 350 89

158 441 309 507 Socratis
324 453 510 522 venenum:
536 464 600 509 nec
616 444 765 508 Zenonis
788 438 975 518 tormenta!
1000 440 1157 523 quoniam
1172 446 1249 504 sunt

157 546 355 624 peregrim
375 547 510 624 novisti,
525 551 561 609 at
575 543 729 623 Οωιίοει,Β
751 549 785 608 et
807 540 982 641 Senecae,¹¹
1004 549 1038 606 at
1058 540 1247 620 Soranos,·i

158 658 298 723 quorum
331 662 393 710 nec
414 651 615 730 pervetusta,
643 664 706 710 nee
732 645 910 710 incelebris
936 646 1116 709 memoria·
1152 647 1247 721 est,¹¹

190 805 521 874 lRettutulecoettempore.
584 808 1050 873 ¹msaemesmmspttuuptoc
1112 814 1125 838 ⁰
1142 806 1247 858 Μὰ.

652 934 759 986 Nolle:

154 1025 297 1090 lampadem
317 1030 469 1082 ardentem:
491 1044 523 1079 ae
542 1035 684 1093 propterea
723 1029 788 1091 sive,
804 1034 833 1078 ut
852 1029 908 1078 vult
925 1027 1038 1092 Lipsius,
1056 1026 1249 1089 ennecone

155 1101 181 1150 iu
192 1103 297 1152 exilium
308 1106 406 1167 pulsus,
417 1110 463 1154 aut
473 1105 560 1168 potius
571 1105 684 1154 libenter
723 1117 773 1167 quo
785 1103 884 1153 Seneca
892 1104 985 1153 seculo
994 1109 1079 1165 uatus,
1091 1101 1250 1165 prestantis·

156 1176 290 1240 profectus
310 1186 368 1228 est:
390 1177 477 1228 fertur
495 1179 590 1243 qnippe
609 1193 684 1243 agros
723 1178 802 1227 aimus
821 1177 995 1242 philosophus,
1009 1192 1024 1227 s
1040 1177 1183 1238 enimcum
1199 1189 1250 1240 quo

158 1259 186 1301 et
195 1253 353 1315 patrimonia
362 1268 409 1304 sua
425 1254 569 1319 reliquisse,
586 1263 616 1306 ut
632 1255 683 1305 dis·
723 1252 768 1303 diu
778 1254 917 1303 altercatus
932 1251 1027 1314 fuerat,
1043 1259 1127 1302 morte
1144 1251 1250 1301 damua-

157 1327 233 1376 eeudl
254 1329 437 1395 querendique
457 1329 551 1381 diviuae
571 1326 683 1383 delecta·
723 1337 776 1392 tus,
794 1330 859 1379 hanc
873 1344 931 1378 cum
941 1329 1087 1379 incredibili
1098 1329 1176 1378 animi
1188 1340 1248 1378 eost·

158 1403 222 1454 tioui
234 1410 289 1454 toto
301 1419 329 1453 se
337 1405 421 1455 animo
430 1406 548 1457 dederet.
571 1409 683 1459 Gousme
723 1405 817 1456 snum
827 1406 915 1468 subiit,
925 1412 954 1455 ut
965 1405 1046 1456 refert
1054 1406 1111 1470 ipse
1120 1405 1248 1455 Seueeel·

159 1477 302 1542 Diogenem
313 1480 453 1532 Lucetium.
723 1481 755 1532 de
767 1483 862 1546 Ttauq.
874 1497 897 1531 c.
911 1485 951 1531 lt.

190 1554 318 1605 ‘Socratis
327 1558 450 1622 messim]
461 1560 504 1608 De
516 1558 623 1610 Socrate
628 1561 682 1625 jam
754 1557 809 1608 *Ar
828 1557 939 1622 Sesemq
958 1556 1057 1606 Seneca
1073 1554 1249 1619 philosophum

157 1627 256 1680 dictum
276 1636 334 1683 est:
356 1643 474 1697 superest
493 1648 573 1705 genus
592 1637 683 1686 mortis
722 1633 750 1684 S.
769 1635 853 1684 Paulo
872 1640 1012 1704 equetus,
1028 1633 1111 1698 primo
1128 1628 1252 1681 ailbricti

157 1703 239 1753 illiust
257 1704 371 1757 decessit
389 1714 476 1758 sutem
496 1708 586 1759 hausto
606 1725 684 1760 succo
723 1706 861 1759 nativitate
880 1710 976 1759 saeeulo
993 1705 1091 1768 floruit,
1107 1712 1253 1770 preceptor

158 1781 251 1830 cicutm
263 1788 459 1846 venenumque
470 1783 642 1834 Athenienses
653 1784 685 1835 sd
725 1785 846 1846 Neronis,
861 1799 877 1832 a
889 1798 940 1848 quo
956 1798 1014 1832 eum
1030 1781 1177 1844 ingentibus
1188 1781 1251 1840 dieu

158 1854 288 1917 publicum
305 1856 395 1903 mortis
411 1857 565 1919 supplicium
582 1859 687 1909 utebau·
726 1859 770 1908 tiis
782 1860 925 1909 cumulatus
940 1857 1041 1920 fuisset,
1055 1866 1138 1917 morte
1149 1857 1265 1907 damna·-

159 1935 217 1976 tur:
235 1929 294 1978 hinc
310 1930 468 1992 ‘Socrates,’
485 1931 568 1996 inquit
587 1933 687 1992 Cicero,
728 1941 768 1983 tus
779 1940 835 1984 est:
852 1932 1014 1997 ‘Quamne’
1026 1938 1055 1983 ut
1066 1933 1104 1982 ait
1112 1932 1251 1984 Suetonius

158 2003 165 2028 ‘
179 2016 237 2051 cum
249 2016 324 2065 pune
335 2002 389 2066 jem
405 2004 431 2052 iu
443 2018 519 2054 mauu
529 2004 685 2058 mortiferum
725 2009 752 2058 in
764 2009 825 2058 Vita
838 2009 959 2072 Neronis,
972 2010 980 2037 ⁴
991 2022 1063 2072 saepe
1079 2013 1251 2058 commeatum

160 2076 223 2125 illud
235 2081 336 2126 teneret
347 2076 474 2143 poculum,
482 2079 581 2130 locutus
589 2081 626 2132 itu
636 2090 685 2146 est,
725 2087 834 2150 petenti,
850 2085 971 2150 bonisque
987 2083 1104 2145 cedenti,
1114 2088 1252 2144 persancte

161 2158 191 2201 ut
209 2166 259 2201 uou
279 2154 312 2202 ad
331 2162 440 2203 mortem
459 2142 538 2218 trudi,
552 2171 640 2208 rerum
658 2157 685 2209 iu
719 2161 846 2225 jurasset,
856 2168 1005 2225 suspectum
1021 2174 1050 2209 se
1066 2156 1172 2221 frustm,
1182 2157 1253 2222 peri·

160 2227 252 2276 eoelum
268 2220 399 2279 videretur
414 2231 580 2282 ascendere?
597 2241 624 2283 et
642 2234 685 2283 Se·
725 2245 861 2299 turumque
887 2237 983 2299 potius,
1007 2248 1083 2298 quum
1106 2234 1252 2283 nociturum

161 2316 226 2352 neca
239 2303 321 2367 Epist.
335 2302 378 2376 bl.
393 2296 502 2369 ‘Callum’
517 2306 611 2371 iuquit,
624 2311 686 2356 ινε·
726 2311 768 2360 ei.'
788 2312 837 2360 llio
847 2309 1009 2373 philosophus
1019 2310 1027 2334 ‘
1039 2307 1088 2355 sibi
1099 2321 1175 2354 uenas
1186 2319 1253 2374 prm·

161 2379 278 2441 uenatus,
298 2380 341 2444 qui
364 2379 499 2429 Socratem
519 2375 655 2432 transtulit
672 2396 687 2432 e
727 2383 835 2442 secans,'
851 2384 937 2445 inquit
947 2387 1021 2429 vetus
1032 2379 1161 2442 interpres
1175 2379 1254 2430 duve-

161 2454 426 2505 cnreereiucoelumss
482 2470 485 2473 ·
727 2454 792 2505 halis
807 2448 863 2505 Set.
880 2469 907 2504 v.
923 2453 931 2481 ‘
947 2464 1103 2515 crurumque
1117 2464 1195 2499 uenas
1209 2449 1254 2503 nb·

193 2525 313 2581 'brucis
321 2520 447 2594 mouente]
456 2529 487 2580 ln
496 2523 601 2581 Zenone
608 2531 687 2583 etiam
727 2544 857 2594 rumpens,
874 2536 902 2579 et
918 2527 1028 2577 durante
1045 2531 1132 2575 tractu
1149 2527 1255 2578 lentitu-

157 2612 220 2656 aute
232 2606 350 2656 Platonis
362 2613 467 2656 etatem
479 2607 608 2671 sapientia
620 2610 687 2659 male
727 2603 838 2671 diueque
860 2603 959 2663 mortis,
979 2603 1071 2651 hausto
1093 2616 1201 2666 venenu,
1226 2609 1256 2652 et

159 2691 267 2745 excepta
283 2681 343 2733 fuit.
376 2678 449 2732 Zeno
465 2683 532 2731 euim
550 2683 607 2746 ipsu
625 2699 686 2749 quo·
715 2690 859 2752 ¹postremo
877 2679 968 2728 calidae
986 2691 1059 2742 aquae
1078 2684 1199 2741 stagnum
1215 2677 1255 2727 iu·

159 2773 208 2824 qne
220 2760 328 2809 Socrate
339 2757 470 2823 antiquior
481 2759 563 2809 multa
578 2767 687 2824 propter
727 2757 833 2818 troieus,
850 2754 1009 2803 exanimatus
1026 2750 1084 2802 est.'
1101 2821 1104 2826 .
1119 2748 1257 2823 Nimirum,

159 2837 687 2901 suamsapientiamtormeutapassusest:
727 2830 821 2893 uiipte
832 2825 1184 2879 Sessecflflmicossdmifflbffi
1193 2843 1255 2879 ⁶01²·

83 2935 86 2939 ·
160 2913 205 2975 eed
218 2928 335 2976 quaenam
346 2913 391 2961 illa
401 2909 508 2973 fuerint,
527 2907 616 2975 qrrieve
632 2913 688 2962 illo·
729 2907 982 2970 stantia‚antequam
997 2904 1255 2967 moreretur,alloeu-

162 3000 218 3035 rum
234 2992 334 3047 uitetur,
350 3000 401 3034 nou
420 2993 533 3037 constat.
566 2988 690 3038 Probabi-
730 2992 772 3033 tus
781 2983 832 3033 ait:
849 2987 856 3012 ‘
870 2983 966 3033 Neroni
979 2975 1094 3033 sevienti
1110 2985 1254 3034 nihilaliud

162 3061 212 3108 lius
223 3068 264 3108 est
275 3061 416 3122 Zenonem,
426 3061 486 3109 dum
494 3063 536 3110 hic
548 3063 636 3112 Eleum
647 3079 690 3128 pu·
730 3067 874 3123 supererat,
896 3065 953 3123 post
971 3066 1079 3108 matrem
1097 3058 1256 3122 fratremque

165 3136 239 3184 triam
258 3138 284 3184 in
302 3136 450 3186 libertatem
466 3137 597 3188 vindicare
614 3155 689 3190 eoue-
729 3130 890 3198 interfectos,
900 3151 976 3201 quam
988 3141 1016 3184 ut
1033 3134 1181 3183 educatoris
1189 3148 1255 3197 prm·

163 3219 245 3273 retur,
262 3211 373 3262 Nearchi
389 3213 491 3277 tyranni
503 3215 581 3277 jussu
592 3217 688 3267 crucia·
728 3213 893 3277 ceptorisque
904 3226 994 3260 necem
1006 3207 1150 3270 adjiceret!

165 3285 303 3348 tum,inter
310 3293 439 3336 tormenta
446 3287 559 3351 linquam
567 3288 688 3341 dentibus
761 3285 811 3337 ¹At
822 3284 936 3346 manos]
954 3284 1052 3331 Bareas
1060 3279 1182 3339 Soranus,
1189 3293 1257 3343 prte-

163 3360 313 3425 praecidisse
330 3364 357 3408 et
373 3359 399 3408 iu
417 3361 505 3425 Cyprii
521 3363 688 3429 Regieiuter-
728 3360 901 3410 btantissimus
925 3359 990 3405 item
1015 3354 1190 3420 philosophus,
1210 3356 1256 3407 Se·

164 3437 278 3500 rogantis
291 3434 383 3484 faciem
392 3437 532 3498 exspuisse.
557 3432 689 3489 '‘Anaxar-
729 3451 802 3486 neem
824 3431 941 3495 aequalis,
953 3429 1058 3492 justitia
1075 3436 1152 3494 etque
1169 3431 1256 3493 iudus-

163 3512 248 3573 rhum,
265 3509 445 3560 Democritum
464 3525 479 3558 a
493 3511 589 3575 Cyprio
605 3521 690 3576 tyran·
730 3511 781 3558 tria
791 3505 944 3557 offensiones
960 3503 1076 3567 ejusdem
1092 3505 1202 3558 Neronis
1217 3509 1256 3560 ita

162 3601 196 3636 uo
207 3583 421 3635 excarnificatum
434 3578 598 3648 accepimue,’
608 3587 692 3652 iuquit
731 3584 813 3644 uinxit,
825 3587 854 3630 ut
867 3580 900 3629 ud
916 3586 1023 3629 mortem
1042 3589 1116 3630 actus
1128 3581 1207 3635 fuerit
1223 3586 1256 3636 eb

161 3662 272 3725 Tullius,
287 3659 438 3710 ‘Zenonem
456 3661 572 3709 Eleatem
593 3661 619 3710 iu
639 3669 691 3712 tor·
732 3657 822 3710 eodem
845 3665 964 3721 tyranno,
989 3657 1031 3721 qui
1054 3651 1256 3724 magnitudinem

163 3735 409 3800 meutisneostum,'
429 3751 551 3800 uempea
571 3739 692 3788 Nearcho
730 3733 925 3798 imperatorium
944 3731 1017 3781 caede
1035 3732 1171 3798 insignium
1191 3737 1259 3785 viro·

164 3819 281 3875 tyranno.
312 3813 407 3877 Sieque
418 3815 487 3876 apud
498 3823 598 3864 veteres
611 3816 691 3879 philo·
731 3823 797 3873 rum,
814 3806 886 3874 quasi
903 3807 974 3872 regio
985 3805 1109 3872 facinore,
1125 3817 1258 3860 ostentare

165 3889 254 3950 sophos
264 3889 381 3938 lacessita
393 3897 433 3937 est
444 3889 581 3952 supientia.
731 3885 878 3946 videbatur,
901 3890 930 3932 ut
954 3883 991 3932 ait
1019 3884 1154 3932 Cornelius
1176 3883 1258 3934 Tacit.

197 3969 209 4004 ⁸
226 3964 258 4013 At
275 3964 371 4028 Curios]
393 3979 426 4014 11.
445 3965 542 4015 Eadem
562 3965 691 4028 sapientia
731 3961 825 4012 Annei.
836 3960 854 4008 l.
867 3971 925 4008 xvt.
940 3958 983 4006 Ne
994 3965 1072 4019 putes
1083 3955 1259 4019 hic‘cauius,'

168 4036 244 4084 etiem
263 4039 330 4099 apud
350 4041 508 4090 recentiores
526 4043 689 4105 philosophos
729 4039 737 4067 ‘
755 4033 883 4094 Senecas,’
903 4039 931 4081 et
947 4033 954 4059 ‘
971 4026 1095 4078 Soranos’
1112 4026 1257 4089 siguificare

166 4111 287 4161 lacessita
306 4109 374 4161 fuit:
403 4128 461 4162 nam
481 4115 565 4165 Julius
586 4119 690 4179 Canius,
731 4112 873 4163 imitatores
885 4099 913 4155 e't
929 4114 1052 4167 sequaces
1070 4102 1192 4164 ejusmodi
1203 4107 1257 4170 phi.
