2790 4800
565 277 769 326 ruarmo.
1169 260 1212 322 13

119 437 231 487 xvur.
246 421 471 488 eumaliorum
487 419 780 502 Philosophorum,
805 430 872 482 tum
888 419 1082 484 Aristotelis
1105 421 1211 503 inpri-

116 522 190 585 mis*
213 527 314 604 atque
342 520 488 585 Euclidis
515 530 550 583 et
579 521 768 597 Ptolemaei,
785 522 926 585 lectioni
955 521 1099 586 vacavit.
1154 519 1209 585 Ac

119 622 251 687 videtur
279 623 411 706 quidem
438 623 599 687 Eleaticae
634 624 791 706 primum,
826 630 944 706 postea
978 624 1209 700 Academicos,

117 725 248 789 taudem
274 744 353 790 vero
377 725 616 807 Peripateticae
640 732 743 787 sectae
774 724 929 787 addictus
954 725 1071 786 fuisse.
1128 726 1208 790 Huc

118 826 200 889 illud
214 826 415 909 referoquod
426 826 523 889 initio
539 825 642 907 hujus
664 825 741 886 libri
759 825 895 903 legitur:
917 825 976 886 ubi
990 824 1209 908 Philosophia

16 913 19 918 ¹
117 927 273 993 Poeticas
298 927 420 991 Musas
445 926 538 1009 apud
563 925 743 988 Boethium
767 925 801 984 iu
830 943 961 986 carcere
989 926 1209 1005 conspiciens,

115 1030 245 1111 fingitur
271 1048 360 1109 aegre
379 1027 464 1088 ferre
487 1026 620 1088 illarum
635 1023 859 1104 praesentiam,
874 1029 908 1086 et
922 1024 1051 1089 dicere:
1086 1026 1207 1090 ‘Hunc

113 1151 187 1207 vos,
200 1127 365 1193 Eleaticis
389 1131 489 1206 atque
503 1121 723 1188 Academicis
746 1122 866 1187 studiis
887 1124 1092 1204 innutritum,
1114 1147 1209 1192 ausae

113 1231 228 1293 fuistis
264 1223 394 1289 adiret'
430 1224 533 1303 Quod
559 1226 600 1290 de
631 1227 729 1290 annis
754 1242 866 1288 xvru.
898 1226 1042 1292 Athenis
1075 1231 1210 1293 exactis

116 1328 202 1405 dixi,
218 1327 431 1392 confirmatur
455 1329 563 1410 ipsius
588 1327 723 1393 Boethii
750 1329 949 1407 testimonio,
973 1351 1016 1394 ox
1044 1330 1141 1395 libro
1164 1331 1208 1395 de

114 1429 304 1513 Disciplina
340 1429 584 1495 Scholarium.·
620 1430 783 1495 Exercuit
812 1439 924 1497 autem
948 1433 982 1496 iu
1010 1435 1118 1514 prima
1146 1434 1207 1498 illa

113 1537 211 1596 aetate
225 1532 370 1597 studium
385 1531 554 1611 Poiihcae3
576 1533 692 1616 itaque
705 1534 781 1615 ipse
798 1533 841 1596 de
855 1553 909 1598 se:

116 1690 119 1694 ’
197 1664 352 1749 Carmina
367 1684 424 1766 qui
438 1684 608 1766 quondam
623 1681 735 1744 studio
751 1681 893 1744 florente
908 1682 1034 1762 peregi,

242 1785 397 1859 Flebilis,
410 1783 489 1857 heu,
503 1785 646 1844 moestos
662 1799 764 1860 cogor
778 1779 859 1841 inire
875 1778 1001 1843 modos

158 1932 216 1994 Sic
230 1950 307 2012 ergo
328 1927 493 1993 Boethius
515 1928 687 2011 pueritiam
713 1934 745 1992 et
764 1928 949 2011 juvenilem
972 1935 1103 1994 aetatem
1128 1951 1206 1996 cou-

113 2033 243 2096 sumsit.
273 2030 387 2115 Atque
397 2031 462 2095 huc
477 2031 638 2114 pertinent
651 2030 711 2095 illa
727 2031 886 2096 Fortunae
901 2031 944 2096 ad
958 2034 1071 2115 ipsum
1085 2035 1204 2098 verba:

112 2134 220 2199 ‘Cum
248 2141 280 2199 te
302 2134 415 2198 matris
438 2153 482 2198 ex
502 2139 594 2198 utero
617 2141 735 2197 natura
758 2129 926 2217 produxit,
955 2133 1080 2197 nudum
1106 2137 1204 2198 rebus

109 2237 263 2300 omnihus
277 2239 476 2319 inopemque
492 2235 640 2316 suscepi,
655 2236 738 2297 meis
753 2235 877 2313 opibus
894 2233 975 2309 lovi,
990 2240 1035 2307 et,
1063 2235 1155 2315 quod
1170 2244 1203 2296 te

112 2357 200 2400 nuuc
222 2339 450 2420 impatientem
471 2337 577 2398 nostri
594 2335 689 2407 facit,
713 2333 827 2393 favore
850 2349 956 2411 prono
978 2332 1204 2410 indulgentius

112 2436 268 2512 educavi,
284 2442 317 2499 ct
331 2435 477 2497 omnium
492 2452 571 2515 quae
585 2432 652 2494 mei
668 2437 749 2494 suut
758 2429 846 2512 juris
862 2427 1034 2516 affluentia
1047 2437 1080 2491 et
1095 2431 1206 2512 splen·

113 2537 193 2601 dore
207 2533 434 2602 circumdedi!

152 2639 335 2704 Reversum
352 2637 493 2702 Athenis
507 2638 542 2700 iu
567 2635 703 2712 Urbem,
728 2636 843 2698 statim
865 2633 998 2715 egregia
1021 2634 1122 2697 animi
1140 2637 1203 2699 vir-

110 2748 174 2818 tus,
189 2761 362 2823 moresque
377 2739 421 2804 ad
443 2739 683 2802 humanitatem
708 2736 791 2800 iacti
818 2736 1091 2800 commendavere
1116 2760 1202 2821 prae·

110 2843 221 2925 cipuis
236 2845 271 2906 in
285 2843 476 2924 Republica
501 2841 596 2916 viris,
621 2841 679 2922 qui
695 2839 848 2922 juvenem
876 2837 917 2900 ad
933 2857 1061 2901 summa
1085 2848 1203 2903 natum

110 2945 250 3016 ambire,
283 2948 318 3004 et
341 2940 518 3003 affinitates
544 2958 623 3002 suas
648 2939 713 3020 ipsi
741 2939 827 3002 ultro
853 2939 951 3003 etiam
981 2938 1107 3017 offerre,
1138 2962 1202 3004 non

111 3043 322 3106 inhonestum
337 3040 403 3104 sibi
417 3045 586 3122 putavere.
633 3039 741 3103 Duxit
765 3048 877 3104 autem
901 3060 1036 3104 uxorem
1062 3044 1202 3122 primam

111 3143 263 3226 Elpidem
287 3142 446 3220 Siculam,
470 3142 631 3223 virginem
651 3143 804 3221 nobilem,
831 3162 874 3206 ex
888 3162 995 3224 eaque
1011 3140 1097 3202 duos
1113 3140 1203 3201 filios

110 3243 294 3308 Patricium
309 3250 343 3307 et
356 3244 543 3327 Hypatium
561 3245 721 3326 suscepit.
778 3244 859 3307 Fuit
884 3249 999 3304 auteur
1019 3240 1116 3320 Elpis
1138 3239 1203 3304 ista

108 3364 173 3408 nou
189 3344 361 3427 probitatis
375 3351 512 3421 tautum,
533 3345 593 3407 sed
616 3346 716 3408 etiam
738 3345 911 3406 literarum
933 3337 1034 3400 laude
1050 3340 1200 3417 celebris,

107 3445 325 3529 inprimisque
340 3443 491 3506 Po'eticae
515 3462 639 3507 amaus.
684 3444 770 3525 Ejus
795 3441 1058 3505 credunturesse
1075 3441 1200 3526 Hymni

107 3548 173 3612 duo
188 3548 247 3631 qui
262 3547 297 3610 in
316 3543 473 3608 Ecclesia
488 3547 663 3620 canuntur,
688 3542 820 3606 ‘Aurea
833 3537 927 3617 luce,'
949 3545 982 3603 et
1007 3540 1127 3607 ‘Felix
1140 3565 1199 3628 per

107 3647 241 3713 omues?

148 3750 280 3833 Elpidis
304 3749 403 3813 istius
426 3749 501 3832 quis
523 3748 741 3832 patersuerit,
765 3746 930 3811 nescitur:
964 3747 1081 3829 primae
1104 3746 1198 3808 illurn

108 3850 274 3929 diguitatis
287 3854 393 3916 virum
410 3851 528 3928 fuisse,
552 3858 685 3916 constat
707 3872 750 3915 ex
773 3851 816 3914 iis
843 3848 1028 3932 quaelibro
1049 3844 1199 3909 secundo

107 3948 328 4034 Philosophia
354 3952 533 4016 Boethium
561 3953 731 4035 alloquens
749 3952 850 4016 dicit:
891 3945 1054 4018 ‘Tacen’
1081 3940 1198 4020 inquil,

109 4049 232 4127 ‘quod,
258 4052 441 4115 desolatum
466 4058 613 4134 parente,
641 4067 843 4117 summorum
874 4055 907 4111 te
943 4047 1086 4108 virorum
1119 4059 1198 4104 cura
