2790 4800
372 301 420 347 nn
444 301 606 350 sonrnro
631 304 676 350 nr
702 303 995 352 crescentonis.
1190 287 1232 354 51

135 442 315 506 occasione
330 442 443 524 ipsum
465 462 538 507 cum
559 442 761 526 quibusdam
785 446 862 509 aliis
879 446 1043 511 Romanis
1059 449 1231 512 nobilibus

137 543 229 623 apud
245 543 387 624 Papiam
402 543 505 606 exilio
518 544 686 626 relegavit,
702 546 760 609 ubi
772 548 806 609 in
821 567 956 611 carcere
967 550 1100 629 pesitus
1110 551 1232 613 librum

136 643 178 704 de
195 640 421 726 Philosophiae
444 644 680 711 Consolatione
706 649 857 731 scripsit:
886 651 944 714 obi
968 651 1101 714 demum
1124 652 1231 715 abeo

136 744 352 808 interficitur!

179 845 223 908 Et
237 849 346 929 capite
360 850 413 912 15.
438 850 549 913 citans
575 851 797 931 Sigebertum,
828 853 907 914 ‘Ee
922 851 1087 935 tempere,'
1111 853 1230 936 inquit,

136 947 371 1029 ‘Symmachus
387 950 559 1014 Patricius
575 948 833 1030 Rcmpublicam
845 950 1032 1013 Romanam
1043 950 1230 1032 illustravit,¹

134 1053 167 1111 et
181 1067 257 1112 cnm
269 1069 311 1113 eo
327 1069 427 1131 gener
441 1051 516 1131 ejus
532 1047 713 1126 Beiithius,
737 1051 789 1113 vir
803 1051 1000 1127 consularis
1025 1052 1231 1135 conspicuus

132 1150 167 1212 in
189 1155 332 1230 utraque
356 1149 480 1228 lingua,
501 1148 687 1213 eruditione
714 1153 862 1214 emnium
886 1153 1004 1215 artium
1030 1152 1230 1230 liberalium,

134 1266 218 1331 quas
229 1267 328 1331 paene
339 1267 455 1311 omnes
470 1248 622 1313 eGraece
637 1252 673 1313 in
684 1252 840 1316 Latinum
857 1254 1024 1318 transtulit
1039 1253 1231 1338 eloquium!

644 1495 713 1560 III.

174 1654 196 1718 J
199 1656 324 1719 acubus
340 1655 517 1738 Philippus
534 1657 778 1738 Bergomensis,
803 1655 943 1720 Ordinis
959 1656 1178 1720 Eremitarum
1193 1653 1229 1716 S.

132 1756 322 1838 Augustini,
338 1757 373 1819 in
383 1756 557 1837 Supplem
571 1756 725 1820 Chronic.
738 1757 780 1819 ad
794 1775 871 1820 ann.
882 1756 1007 1820 Christi
1022 1757 1097 1820 500.
1121 1755 1230 1819 ‘Boe-

132 1858 240 1935 thius,'
263 1858 382 1938 inquit,
405 1857 566 1920 ‘Anicius
583 1856 748 1920 Manilius
771 1858 961 1936 Severinus,
986 1857 1229 1922 christianissi-

134 1979 209 2021 mus
222 1960 283 2033 vir,
298 1964 333 2020 et
347 1957 514 2019 consulari
530 1957 688 2038 dignitate
703 1959 888 2040 insignitus,
912 1959 1081 2042 politaque
1099 1979 1139 2022 ac
1154 1959 1229 2041 phi·

133 2058 296 2139 losephus
308 2057 551 2135 celeberrimus
562 2058 821 2142 Symmachique
835 2060 971 2125 Patricii
986 2081 1096 2143 gener,
1106 2060 1228 2124 iisdem

133 2161 335 2240 temporibus
352 2158 473 2223 Remae
494 2159 699 2224 clarissimus
722 2161 793 2224 suit.
839 2162 941 2226 Hunc
954 2164 1091 2244 quidam
1116 2161 1227 2225 Mani·

133 2263 215 2324 lium
229 2270 363 2338 vocant,
376 2277 418 2324 ee
432 2262 522 2343 quod
539 2281 560 2324 a
572 2263 714 2325 Manilio
722 2263 898 2342 Torquate
912 2264 1072 2342 originem
1086 2261 1226 2322 duxisse

133 2362 279 2426 tradant.
316 2362 469 2439 Quicum
483 2382 562 2424 vere
575 2361 770 2425 entheticus
784 2368 885 2438 esset,
901 2380 964 2422 nec
978 2360 1115 2422 Arianis
1128 2360 1229 2422 etiam

132 2482 285 2546 persaepe
301 2467 440 2544 regatus
463 2461 693 2544 obtemperare
709 2461 822 2538 vellet,
847 2462 968 2543 etipse
984 2479 1005 2524 a
1019 2458 1229 2527 Theoderico
1249 2454 1252 2463 ’

133 2564 227 2646 Rege
243 2568 304 2631 sub
315 2565 504 2629 velamento
518 2563 685 2628 affectatae
700 2565 867 2628 libertatis
878 2569 960 2645 post
970 2579 1119 2624 socerum
1130 2577 1227 2622 suum

130 2668 237 2731 Ticini
253 2670 390 2732 exulare
409 2668 557 2751 jubetur,
582 2676 617 2731 et
641 2666 857 2750 postmodum
872 2665 1106 2746 instigantibus
1121 2662 1226 2727 haerc-

130 2769 206 2833 ticis
228 2779 392 2854 perpetue
418 2772 545 2834 carceri
569 2770 763 2834 damnatur:
783 2771 819 2832 in
844 2787 909 2850 qua
933 2766 1066 2848 quidem
1090 2765 1241 2834 calamis

131 2877 200 2932 tate
211 2873 428 2946 constitutus,
443 2871 486 2933 ad
500 2870 715 2942 recreandum
731 2870 876 2932 animum
892 2887 998 2944 suum,
1013 2887 1088 2932 cum
1103 2867 1137 2928 in
1155 2886 1225 2930 ma-

130 2969 317 3032 thematicis
345 2968 560 3031 doctissimus
585 2978 684 3046 esset,
708 2969 909 3033 Chiterinnm
934 2989 952 3032 e
976 2988 1076 3032 nervo
1099 2969 1225 3050 primns

132 3069 343 3148 excogitavit·
351 3075 385 3131 et
398 3069 537 3147 excidit,
560 3070 652 3153 qued
667 3071 812 3154 quidem,
825 3072 992 3137 modernis
1007 3070 1225 3151 temporibus,

132 3170 273 3232 musicis
303 3170 433 3232 celebre
457 3171 715 3235 instrumentum
745 3171 892 3235 babetur.
937 3170 1068 3233 Ibidem
1091 3183 1225 3247 queque

132 3273 337 3336 constitutus
351 3273 394 3336 ad
408 3275 587 3339 multorum
602 3276 775 3338 utilitatem
787 3273 1049 3356 praeclarissima
1064 3278 1164 3348 atque
1179 3270 1226 3330 in·

131 3375 350 3437 numerabilia
360 3375 458 3454 quasi
472 3376 575 3437 edidit
595 3378 771 3457 opuscula,
785 3383 820 3436 et
835 3391 912 3452 quae
933 3370 975 3431 ad
992 3387 1111 3429 manns
1126 3369 1224 3433 deve-

130 3494 210 3537 nere
223 3473 295 3537 haec
311 3474 390 3555 ipsa
402 3472 498 3536 sunt!
530 3475 574 3535 Et
589 3483 728 3553 postea:
750 3478 759 3506 ‘
774 3473 873 3534 Hunc
887 3471 1028 3552 denique
1044 3470 1148 3532 virum
1163 3491 1224 3554 ep·

131 3576 247 3639 timum
274 3583 309 3639 et
332 3581 489 3639 sanctum
508 3574 738 3638 Theodericus
752 3572 841 3649 Rex,
863 3591 938 3634 cum
967 3571 1003 3638 in
1028 3574 1222 3636 sententiam

131 3697 223 3740 suam
239 3677 378 3741 omnine
388 3677 478 3740 flecti
492 3696 558 3739 non
567 3681 693 3758 posset,
703 3675 902 3738 Arianerum
913 3675 1003 3738 rabie
1018 3675 1222 3750 concitatus

130 3785 207 3860 pest
221 3780 351 3861 lengum
368 3779 518 3842 carceris
534 3778 736 3861 squalorem,
751 3778 934 3860 imperante
948 3776 1083 3840 Justine
1092 3778 1223 3838 seniore

132 3876 295 3956 Auguste,
310 3898 398 3941 anne
422 3879 554 3942 scilicet
574 3878 709 3942 Domini
730 3881 837 3943 nostri
863 3879 938 3942 520.
962 3877 1053 3959 apud
1080 3875 1224 3954 Papiam

132 3993 194 4058 pre
211 3975 383 4041 Catholica
404 3980 470 4041 fide
485 3979 596 4043 occidi
622 3979 745 4061 jussit:
769 3980 865 4062 cujus
893 3995 1016 4058 cerpus
1037 3972 1164 4034 ibidem
1190 3968 1225 4028 iu

132 4075 216 4140 Divi
230 4075 409 4156 Augustini
422 4082 547 4161 temple
562 4079 671 4143 adhuc
697 4079 836 4147 habetur
855 4076 1036 4140 eonditum.
1083 4067 1128 4129 Et
1148 4071 1225 4131 sunt
