2790 4800
547 271 699 319 nonunt}
726 271 774 319 Du
798 269 953 319 CONSOL·

327 415 492 480 Casurum
508 415 608 478 rutilo
623 420 740 495 surgat
754 415 798 478 ab
812 423 905 478 ortu:

328 516 415 594 Quis
429 515 529 580 Veris
539 515 564 553 ¹⁸
575 524 593 551 W
614 515 769 597 placidas
789 520 951 597 temperet
964 514 1075 594 horae,

328 619 377 682 Ut
390 623 495 682 terras
506 627 532 668 ¹⁹
553 618 658 680 roseis
681 616 818 680 floribus
834 624 948 680 ornet:

329 719 417 797 Quis
430 718 556 782 dodit²⁰
577 723 615 779 ut
629 717 727 799 pleno
741 717 857 780 fertilis
873 735 959 780 anno

326 818 516 882 Autumnus
526 826 539 852 ¹
561 816 705 898 gravidis
720 817 836 880 influat
851 816 935 893 uvis,

327 918 479 983 Rimariy
501 919 629 994 solituS,
644 924 745 998 atque
758 917 898 980 latentis

329 1018 364 1084 N
365 1028 470 1087 aturae
484 1021 596 1084 varias
610 1018 745 1081 reddere
760 1036 880 1082 causas
890 1025 920 1082 :¹

194 1231 266 1279 equos
277 1217 422 1276 vespertinos
432 1217 549 1277 laneorum
560 1215 660 1263 nnincot
669 1211 699 1261 ob
709 1213 799 1261 oriente
806 1227 938 1277 purpureo:
955 1215 1012 1278 quid
1023 1215 1155 1264 moderetur
1163 1216 1212 1264 dier
1223 1219 1288 1262 tron-

193 1279 278 1343 quilloe
293 1281 371 1339 Venio,
382 1285 409 1327 ut
420 1282 510 1328 decoret
522 1284 598 1327 terrae
604 1276 706 1342 flendus
714 1276 852 1339 purpureis:
870 1279 925 1340 quid
934 1277 1006 1341 fecit,
1024 1285 1050 1326 ot
1069 1280 1202 1328 Autumnus
1216 1279 1288 1327 odon·

193 1343 406 1400 doctorsoecnndur
423 1343 520 1391 instillet
536 1343 615 1389 ninum
626 1341 724 1389 racemis
740 1341 847 1400 tumtun,
862 1346 941 1390 coeloe
957 1343 1069 1402 serutari,
1087 1348 1110 1392 ct
1122 1347 1215 1392 occultu
1237 1344 1288 1391 No·
1320 1347 1323 1351 “

194 1411 256 1455 toroe
272 1423 353 1456 coorcc
368 1407 471 1455 divertor
489 1407 585 1466 referre.
621 1405 674 1468 lile,
691 1405 793 1467 inquom,
812 1405 929 1454 Bo'c'tltioc
945 1407 997 1456 coeli
1007 1409 1120 1470 quondum
1131 1413 1290 1470 terrorumque

652 1551 667 1568 O
684 1550 770 1570 ”0000
774 1549 831 1569 nee

195 1645 259 1694 irent
270 1647 366 1709 Delph.
379 1645 529 1695 Hecu-18
549 1647 613 1701 Quid
624 1647 687 1695 oeric
702 1647 762 1696 edd.
776 1646 951 1696 endon-19
971 1648 1004 1695 Ut
1013 1652 1101 1696 terrum
1113 1647 1175 1695 Mes.
1187 1653 1214 1695 et
1226 1646 1287 1694 edd.

194 1710 289 1824 gilcqh.
300 1717 328 1760 et
337 1711 485 1760 Hecu—20
496 1711 546 1759 Me.
559 1709 659 1760 Erlnrt.
673 1712 736 1767 Quid
742 1713 814 1773 dedit,
822 1726 896 1776 qnam
904 1711 965 1761 lect.
973 1712 1050 1760 etiam
1063 1711 1183 1760 exhibent
1193 1711 1288 1773 Delplr.

689 1882 799 1932 NOTAE

224 1999 240 2023 '¹
259 1992 319 2047 Quin
340 1992 428 2055 [Quid]
449 1994 528 2056 Veris]
545 2007 585 2044 vr.
603 1994 726 2043 Boethius
765 2010 838 2059 opes,
866 1993 963 2044 coactis
990 2007 1109 2056 egrotum
1140 1989 1287 2040 fructibus:

193 2067 721 2131 rnbjnngltsetempestatemvernonrcog·
765 2071 832 2120 unde
854 2071 944 2132 Virgil.
966 2082 996 2117 ιι.
1024 2068 1147 2130 Georgic.
1171 2081 1207 2114 vs.
1232 2070 1288 2115 520.

193 2144 303 2192 novisse.
337 2145 400 2205 Ver,
412 2153 440 2193 nt
452 2145 488 2194 ait
497 2147 579 2194 Varro
598 2145 615 2193 l.
630 2159 669 2193 ιν.
688 2143 721 2192 de
762 2153 770 2179 ⁶
784 2144 884 2194 Glande
896 2159 954 2193 sner
966 2145 1021 2192 laeti
1034 2143 1160 2192 redeunt:
1177 2143 1240 2191 deut
1251 2155 1289 2190 ar·

193 2221 224 2268 1..
237 2221 268 2269 Ιι.
282 2220 319 2268 sic
340 2220 447 2282 dicitur,
462 2222 470 2248 ‘
488 2222 556 2286 qnod
568 2228 622 2269 turn
636 2220 720 2268 virere
760 2225 823 2273 buta
840 2221 927 2284 sylvae,
954 2221 989 2269 Et
1011 2220 1093 2268 varios
1116 2219 1189 2280 ponit
1209 2216 1288 2266 foetnr

192 2295 320 2360 incipiunt
330 2296 451 2359 virgulto,
460 2313 489 2346 ac
502 2303 602 2346 vertere
615 2311 642 2345 se
655 2303 719 2344 tem·
759 2305 904 2358 autumnus,
921 2303 949 2344 et
970 2297 1021 2344 alte
1040 2295 1113 2342 Mitis
1136 2295 1162 2341 in
1191 2294 1285 2356 apricis

191 2386 240 2434 pur
251 2374 321 2436 anni,
332 2374 381 2421 nisi
391 2373 458 2437 quod
471 2374 547 2421 lones
559 2372 650 2421 dicunt
658 2371 720 2436 fide-⁹
759 2373 877 2438 coquitur
886 2371 1015 2420 vindemia
1023 2368 1109 2418 noxie!
1126 2368 1202 2417 Unde
1210 2369 1289 2417 etium

191 2449 304 2515 Tempus
324 2452 440 2501 omnibus
462 2457 559 2510 notum,
585 2450 652 2514 qnod
678 2451 719 2498 lric
760 2448 937 2499 ‘Autumnus'
954 2463 1048 2496 nuncu
1069 2446 1232 2508 Philosophia
1250 2445 1287 2493 di-

192 2526 387 2574 commendatnr
398 2542 455 2575 cnm
467 2542 482 2574 a
497 2526 601 2589 propria
612 2528 720 2586 ratione,
760 2529 827 2577 citur
843 2526 934 2589 ‘pleno
946 2523 1038 2573 fertilis
1050 2536 1115 2571 runo
1126 2521 1239 2583 grauidis
1251 2521 1288 2569 in·

193 2607 248 2650 lum
269 2601 300 2648 ab
323 2601 457 2651 effectibus
480 2602 540 2649 suls·
575 2599 598 2648 Α
616 2601 720 2662 propria
759 2600 930 2654 fluereuvior'
946 2596 1076 2648 ‘Plenus'
1093 2596 1286 2646 enimhicidem

192 2674 296 2737 quidem
309 2679 418 2736 ratione,
429 2693 485 2741 qnae
497 2677 523 2725 in
535 2676 582 2723 lroc
593 2682 718 2736 versatur,
760 2681 828 2746 qnod
839 2677 960 2729 refertur:
978 2677 1046 2724 sicut
1055 2674 1292 2735 VirgiliuGeorg,

192 2749 259 2814 quod
271 2750 327 2798 Ver
338 2753 373 2807 sit
386 2753 488 2813 placida
501 2754 650 2814 tempestus,
659 2751 719 2800 Sole
758 2774 797 2807 vs.
809 2762 833 2808 4,
848 2754 924 2803 ‘an
936 2759 1018 2815 poter,
1029 2750 1161 2798 chenne:
1181 2747 1231 2796 tolo
1243 2748 1286 2797 ltin

192 2825 309 2874 nimirum
320 2833 381 2874 tunc
390 2827 443 2875 dier
453 2829 572 2878 noctibus
581 2836 717 2891 coquente:
759 2833 844 2882 omnin
861 2831 937 2893 pleno
955 2825 1115 2885 Muneribus,
1127 2822 1175 2898 tilii
1186 2823 1285 2886 pumpi-

192 2899 260 2948 nnde
279 2899 387 2947 dicitur:
404 2901 493 2951 ‘Quid
516 2902 584 2950 veris
605 2902 719 2964 placidas
759 2923 808 2956 neo
826 2904 945 2971 gravidus
968 2909 1089 2950 autumno
1109 2901 1197 2948 Floret
1215 2912 1286 2963 ager,

191 2979 319 3035 temperet
340 2974 413 3021 horas
423 2973 440 3020 :’
457 2976 489 3023 ab
501 2974 636 3025 effectibus
649 2991 719 3038 vero,
760 2989 863 3046 spumat
875 2980 956 3046 plenis
967 2977 1096 3027 vindemio
1107 2975 1185 3025 lubrie
1195 2980 1210 3024 r·
1226 2975 1287 3024 ‘ln-

190 3062 284 3112 nempe
302 3063 318 3096 a
337 3046 451 3109 floribus,
474 3050 567 3113 qulbus
585 3052 719 3102 moderata
759 3057 851 3108 flrrere'
870 3072 930 3107 vero
950 3055 1018 3104 idom
1043 3052 1112 3117 quod
1134 3051 1285 3100 abundare:

189 3123 233 3172 illa
250 3124 309 3172 unni
330 3130 473 3187 tempestae
490 3125 605 3173 ‘terram
626 3128 719 3190 ornat,’
759 3135 828 3182 sicut
847 3134 948 3182 Seneca
963 3130 1000 3177 nit
1017 3125 1287 3177 ‘fortnuaeintlnentir

190 3201 293 3264 quique,
305 3199 372 3264 qnod
392 3214 505 3248 rosarum
525 3200 625 3250 colores
639 3203 719 3253 rel'er-
759 3207 843 3256 doun?

191 3283 245 3338 ont,
263 3283 387 3326 vocantur
413 3277 421 3304 ‘
434 3276 519 3338 rosei,'
539 3282 568 3325 ut
587 3279 719 3342 eleganter
790 3279 915 3340 rltr'mort]
940 3275 1115 3338 Pereerulnri,
1131 3279 1236 3340 penitus
1246 3280 1297 3329 in·.

190 3351 304 3410 explicat
326 3352 418 3416 virgil.
437 3353 581 3414 11.Georg.
603 3369 639 3404 vs.
660 3359 716 3404 123.
758 3353 1003 3421 qnireretqnieuirn
1016 3355 1286 3418 nntnraecnnonrpeni-

187 3424 260 3471 ‘Ver
271 3426 337 3475 odeo
346 3426 432 3476 frondi
444 3443 587 3491 neruorum,
599 3445 643 3479 ver
653 3430 717 3479 utile
758 3442 799 3483 tnr
812 3429 927 3495 inquirit,
945 3429 976 3492 is,
986 3429 1069 3478 instar
1081 3430 1151 3478 canis
1163 3430 1285 3488 venatici,

189 3497 288 3560 Sylvls:
307 3501 373 3549 Vere
394 3511 496 3553 tument
507 3512 593 3567 terrae,
608 3512 635 3554 et
647 3507 717 3569 geni·
758 3507 842 3555 omnin
852 3505 933 3555 debet
942 3505 1067 3554 lustrare:
1089 3504 1157 3553 unde
1176 3504 1286 3568 ‘Physi-

191 3573 254 3623 talin
265 3575 364 3623 eerninn
381 3579 509 3640 poscunt,'
520 3583 569 3630 &n
757 3581 821 3643 cns,'
844 3581 926 3645 inquit
936 3579 1032 3629 Orator
1043 3593 1062 3627 ι.
1075 3578 1107 3627 de
1118 3578 1182 3627 Nat.
1193 3579 1228 3626 D.
1243 3583 1284 3627 eet

220 3657 233 3682 ¹
245 3650 306 3704 Quin
315 3651 472 3714 [Qru'deedit
481 3661 508 3704 ut
518 3690 541 3705 ..
555 3655 717 3721 ,Autumnnq
756 3662 764 3687 ‘
776 3657 931 3720 speculator,
939 3661 1097 3716 venatorque
1108 3651 1226 3700 naturae?

190 3743 238 3778 vu.
255 3727 380 3776 Boethius
406 3734 538 3782 concludit
558 3748 586 3783 re
618 3735 717 3796 pariter
789 3731 999 3779 ²Nntnroeonrr‘or
1013 3725 1212 3787 redderecuuoor]
1231 3727 1282 3775 Nn·

189 3803 340 3870 cognovisse
353 3811 510 3856 autumnum.
542 3808 550 3835 ⁶
563 3806 717 3857 Autumnnr'
757 3814 813 3856 turn
824 3818 840 3850 a
850 3802 1054 3859 uaecordicitur‚
1066 3807 1094 3847 nt
1105 3796 1175 3860 φύσις
1191 3815 1207 3848 a
1216 3798 1283 3862 edu:

189 3879 358 3941 antenore,
375 3887 403 3927 ut
414 3883 527 3932 nonnulli
539 3883 651 3931 scrihere
662 3896 715 3929 rnn-
756 3892 835 3944 quare
858 3879 881 3926 N
885 3883 967 3938 atera,
984 3876 1010 3923 ln
1028 3888 1122 3938 genere
1134 3889 1218 3925 crnsae
1231 3876 1285 3927 effi-

106 4020 109 4024 Δ
187 3957 254 4017 lunt,
279 3954 477 4018 ‘Anctunrnns,'
499 3955 658 4022 quibusdam,
676 3969 715 4004 re·
754 3955 855 4014 cientis,
866 3959 906 4000 ert
916 3965 1093 4014 nouemque
1106 3966 1158 4013 rer,
1174 3967 1283 4016 prnsur-

187 4029 287 4080 feronte
305 4032 393 4094 Ferte,
414 4032 450 4080 sic
471 4033 627 4097 appellatur,
644 4031 713 4093 qnod
754 4033 799 4082 tim
811 4027 920 4090 sensilis,
931 4027 1061 4076 nancitor:
1079 4027 1209 4092 ingruere
1222 4046 1282 4087 vero

189 4110 250 4153 tnnc
277 4109 387 4159 maxime
415 4116 559 4172 augeantur
583 4105 712 4158 hominurn
753 4106 854 4169 lormae,
870 4103 974 4154 Natura
988 4103 1086 4155 dicitur
1105 4105 1182 4156 inrito
1198 4107 1282 4171 cujus·
