2790 4800
214 267 257 332 so
559 277 710 328 norrun
735 279 783 325 nu
807 277 959 326 consor.

213 444 289 507 gum
323 420 471 504 patitur,⁶
507 439 709 486 communem
737 421 909 484 illusarum
947 423 1108 486 mentium
1141 422 1295 486 morbum.

213 525 272 588 Sui
286 523 456 605 paulisper
478 524 699 601 oblitus‘estp
720 522 947 587 recordabitur
969 524 1078 601 facile,
1094 525 1124 587 si
1138 523 1297 607 quidem¹

211 645 273 690 nos
288 632 363 687 ante
376 626 629 707 recognoverit.4
660 624 760 702 Quod
774 625 954 706 utpossit,g
976 625 1298 708 paulisperlumina‘

243 855 253 879 ⁰
271 849 552 911 Letharginsopitusest.
615 848 628 882 ὅ
645 847 784 898 Dummodo.
849 854 859 879 θ
877 847 970 895 Oculos.

211 1037 272 1086 serit
283 1037 377 1100 Delplr.
390 1037 474 1094 Hack.

672 1163 676 1170 ·
701 1132 807 1182 NOTAE

209 1243 374 1293 ‘admovere
396 1241 496 1303 pectori
506 1240 522 1290 :'
550 1247 640 1305 pectus
668 1240 733 1288 enim
775 1240 912 1304 Apollinis,
929 1256 979 1305 quo
996 1248 1083 1291 monet
1103 1248 1131 1291 ut
1148 1244 1298 1307 aequisque

210 1319 339 1383 significat
369 1317 544 1365 voluntatem:
572 1316 734 1380 quemadmo·
775 1326 878 1367 noscat:
895 1332 946 1366 non
962 1319 1155 1369 euimcredoid
1171 1322 1299 1384 praecipit,

210 1395 271 1444 dum
283 1392 349 1456 apud
368 1393 535 1441 Ciceronem:
553 1395 560 1420 ‘
572 1392 676 1440 Amicus
688 1406 734 1455 per
774 1399 804 1440 ut
819 1393 933 1442 membra
950 1405 1046 1455 nostra,
1058 1405 1104 1443 aut
1122 1402 1258 1458 staturam,
1269 1395 1297 1444 li-

211 1485 238 1520 se
250 1477 350 1519 amatur
361 1474 417 1517 toto
430 1467 555 1530 pectore!
774 1482 894 1530 guramve
901 1483 1051 1529 noscamus,
1060 1484 1142 1533 neque
1152 1485 1197 1519 nos
1207 1486 1298 1535 corpo·

244 1543 585 1607 εΝὶΙιὶὶ,ιἰιιμιέι,ρενὶοιιῑίεει]
600 1543 732 1592 rv.Plrilo-
773 1556 802 1590 ra
816 1557 910 1604 sumus,
921 1558 1004 1607 neque
1016 1559 1065 1608 ego
1086 1545 1132 1593 tibi
1150 1545 1237 1594 dicens
1249 1548 1297 1596 hoc

211 1623 300 1685 sophia
316 1621 462 1670 consolatur
478 1620 623 1680 Boethium,
634 1625 663 1668 ut
676 1620 733 1682 ipse
773 1618 876 1678 corpori
888 1625 933 1667 tuo
952 1617 1028 1666 dico:
1045 1633 1102 1666 cum
1117 1619 1204 1681 igitur,
1220 1634 1297 1668 nosce
1330 1627 1334 1635 ·

212 1697 345 1758 Boethius,
355 1709 401 1758 spe
421 1695 510 1743 salutis
526 1701 733 1758 conceptaque,
774 1698 808 1753 te,
827 1692 901 1754 dicit,
923 1693 972 1742 hoc
991 1693 1067 1754 dicit,
1088 1708 1165 1742 nosce
1186 1695 1298 1743 animum

211 1768 733 1833 illideincepsproponenturremedia,bis
774 1775 858 1816 tuum:
876 1783 933 1817 nam
945 1783 1039 1832 corpus
1051 1769 1152 1832 quidem
1164 1770 1236 1833 quasi
1252 1786 1297 1818 vas

210 1855 297 1898 utatur
308 1845 453 1895 lubentius:
472 1851 610 1908 propterea
621 1843 735 1892 Philoso·
774 1851 826 1906 est,
834 1851 878 1892 aut
890 1845 993 1909 aliquod
1003 1845 1078 1893 animi
1088 1847 1279 1908 receptaculum
1290 1863 1297 1895 :

210 1925 271 1988 pbia
281 1925 317 1971 ait
329 1927 351 1971 1.
362 1923 370 1949 ⁴
383 1922 444 1968 nibil
455 1935 511 1969 esse
523 1922 631 1985 periculi
642 1921 659 1970 :'
676 1922 736 1985 quia
773 1920 807 1969 ab
817 1920 901 1968 animo
913 1927 957 1969 tuo
969 1920 1089 1985 quicquid
1103 1921 1196 1984 agitur,
1208 1922 1233 1969 id
1245 1923 1298 1986 agi·

209 2014 268 2050 cum
280 2013 351 2046 mens
363 2003 450 2044 nostra
461 1998 495 2042 sit
512 1997 670 2058 immortalis,
680 1998 735 2046 bac
774 2006 842 2049 tura
854 2006 897 2048 te:
915 1999 983 2049 bunc
994 1999 1075 2062 igitur
1090 2012 1165 2048 nosse
1175 1999 1224 2047 nisi
1237 1998 1299 2046 divi·

209 2073 294 2133 nullis,
312 2070 360 2118 nisi
372 2083 487 2116 errorum
505 2069 684 2132 vitiorumque,
695 2077 735 2118 est
774 2088 833 2121 uum
847 2079 924 2133 esset,
936 2087 986 2120 uon
999 2079 1065 2120 esset
1080 2074 1128 2121 hoc
1141 2073 1247 2122 acriori,
1258 2089 1300 2122 cu.

209 2147 321 2196 obnoxia
342 2144 478 2208 periculis:
499 2144 540 2191 hic
561 2149 647 2191 autem
669 2145 733 2193 nibil
769 2148 874 2211 jusdam
886 2147 963 2195 animi
974 2153 1143 2210 praeceptum,
1155 2149 1202 2210 sic,
1214 2155 1243 2198 ut
1255 2149 1299 2198 tri·

210 2226 361 2284 advertitur,
369 2223 418 2273 nisi
434 2223 528 2272 oblivio
539 2224 667 2287 quedam,
675 2239 732 2286 quae
774 2223 862 2272 butum
874 2223 930 2271 Deo
942 2223 986 2282 sit,
996 2223 1044 2270 hoc
1055 2229 1105 2283 est,
1119 2223 1230 2287 seipsum
1243 2238 1300 2286 pos·

208 2302 365 2352 imminentis
376 2299 469 2348 erroris
487 2307 532 2348 aut
544 2299 599 2347 vitii
611 2306 671 2348 nota
682 2313 733 2348 uon
774 2314 800 2348 se
812 2297 986 2359 cognoscere!
1018 2299 1058 2347 Ex
1071 2299 1162 2362 qulbus
1175 2300 1299 2365 sequitur,

210 2383 266 2427 est:
286 2382 310 2427 2.
331 2382 442 2425 mentem
463 2375 568 2424 Bo'e'tbii
591 2376 733 2437 generatim
774 2381 884 2424 mentem
905 2375 1040 2423 lnmranam
1058 2388 1107 2423 non
1131 2374 1201 2437 prius
1224 2390 1299 2438 posse

208 2455 283 2518 ‘pati
293 2450 459 2515 lethargum?
476 2466 535 2500 nam
551 2452 681 2513 lethargus
692 2458 733 2499 est
774 2450 958 2515 philosophari,
975 2465 1050 2515 quam
1069 2450 1179 2513 seipsam
1191 2458 1279 2499 noscat
1292 2467 1299 2511 ;

209 2529 323 2577 violenta
350 2526 452 2576 cerebri
478 2525 641 2588 compressio,
666 2524 734 2573 unde
771 2533 810 2588 ut,
825 2542 883 2588 (prae¹
894 2526 1023 2575 oblitasui
1037 2530 1086 2585 est,
1098 2525 1152 2573 bac
1163 2525 1299 2586 speciatim

211 2613 301 2665 torpor
319 2609 346 2651 et
361 2600 566 2665 inexpugnabilis
579 2597 634 2646 sere
651 2600 733 2647 somni
770 2600 888 2663 lethargo
904 2601 1021 2647 laborare
1033 2601 1125 2647 merito
1136 2599 1255 2648 dicatur:
1272 2603 1297 2648 4.

209 2677 357 2734 necessitas,
370 2689 453 2722 rerum
466 2674 580 2724 omnium
593 2671 697 2734 oblivio,
706 2678 733 2719 et
770 2681 883 2721 mentem
904 2673 1024 2722 ssoerhri‘
1038 2673 1167 2734 paulisper
1179 2672 1186 2694 '
1197 2680 1297 2722 tantum

210 2752 302 2801 mentis
325 2749 439 2799 defectio
461 2751 589 2799 nascitur:
609 2747 668 2796 binc
689 2747 732 2811 qui
769 2748 844 2796 ‘csse
865 2747 972 2796 oblitam
995 2747 1053 2804 sui,'
1072 2746 1139 2810 quod
1160 2753 1298 2810 antecepta

200 2828 257 2876 boc
278 2825 367 2873 morbo
389 2823 544 2886 afficiuntur,
565 2825 610 2873 bos
635 2823 731 2872 Medici
773 2823 856 2872 animo
874 2825 945 2872 notio
957 2824 1001 2872 au‘r
1014 2824 1048 2872 sit
1061 2823 1166 2871 innata:
1184 2821 1252 2871 unde
1265 2824 1298 2872 ad

210 2901 406 2949 tamdiucurant
415 2903 524 2963 percuti,
535 2899 734 2964 pungi,uri,ali·
774 2899 879 2963 primam
901 2898 1074 2962 Philosophiae
1099 2897 1298 2947 admonitionem

209 2975 282 3040 isque
293 2975 373 3022 modis
384 2977 501 3036 cruciari,
512 2977 604 3038 donec,
617 2979 734 3026 relaxato
773 2979 863 3026 eadem
876 2992 946 3026 mens
959 2976 1137 3026 recordabitur
1147 2974 1194 3024 sui.

208 3050 323 3109 cerebro,
334 3048 429 3111 vigilia,
440 3051 561 3112 attentio,
573 3059 600 3100 et
611 3052 735 3101 memoria
806 3060 818 3095 Β
835 3053 903 3107 Quod
913 3057 939 3100 ul
949 3052 1033 3116 possit]
1049 3051 1168 3114 Denique
1184 3050 1300 3100 Philoso-

209 3127 235 3175 iu
257 3125 348 3175 iisdem
363 3132 488 3172 renovata
505 3133 643 3176 nascaturr
661 3142 732 3176 meus
776 3129 844 3191 piria,
865 3128 1003 3177 Boertuem
1025 3127 1149 3189 deinceps
1169 3134 1301 3184 curatura,

209 3203 290 3266 igi-tur
313 3194 422 3266 propter
443 3201 570 3264 oriundam
593 3203 735 3252 similitudi·
774 3203 890 3267 ejusdcm
912 3203 1028 3263 ‘oculos‚
1048 3202 1192 3250 mortalium
1216 3215 1299 3252 terum

208 3293 266 3327 nem
279 3287 333 3328 tum
345 3277 440 3327 dieitur
451 3277 504 3340 pati
516 3277 668 3341 letbargum,
676 3292 733 3328 cum
774 3277 1301 3342 nubecaligantes,fletibusqueundantes,

210 3367 295 3401 rerum
309 3360 369 3402 ante
381 3353 540 3416 cognitarum
549 3352 682 3402 immemor
690 3354 734 3400 be·
766 3353 939 3411 ,contractain
950 3367 1040 3415 rugam
1051 3353 1262 3413 resteabatersit,
1274 3361 1302 3401 et

210 3425 272 3474 bere
288 3426 405 3476 videtur:
423 3427 490 3492 quod
507 3431 515 3456 ‘
525 3427 679 3476 communis'
695 3427 733 3475 di·
773 3431 880 3479 siccavit
889 3428 903 3475 ε’
925 3444 993 3494 quoe,
1005 3431 1156 3479 continuato
1175 3429 1301 3492 praedicto

201 3500 278 3547 citur
298 3501 447 3549 ‘illusarum
471 3504 593 3551 mentium
615 3502 735 3566 morbus,'
774 3505 947 3570 Philosophiae
971 3505 1097 3569 symbolo,
1122 3518 1171 3551 nou
1194 3508 1246 3549 tam
1266 3502 1299 3549 de

210 3581 336 3638 quatenus
357 3584 457 3626 mentes
479 3592 608 3642 nunqnam
636 3587 734 3642 errant,
774 3596 891 3646 corpore,
903 3580 1022 3645 quamde
1034 3587 1118 3628 mente
1135 3575 1300 3639 intelligenda

209 3649 269 3711 nisi,
284 3650 444 3700 immemores
461 3654 599 3715 primorum
617 3655 735 3704 veritatis
774 3666 842 3707 sunt.
876 3657 988 3703 Primum
1000 3655 1090 3716 igitur‘
1102 3653 1168 3701 oculi
1178 3650 1186 3673 '
1197 3651 1301 3700 Boethii

208 3724 403 3790 principiorum,
412 3728 618 3790 precipitatione
630 3737 658 3785 et
668 3743 734 3790 pra·
774 3733 782 3758 ‘
794 3729 938 3779 mortalium
955 3741 1038 3776 rerum
1050 3726 1118 3775 nube
1133 3725 1299 3787 caligabant?

204 3799 304 3868 judicio
317 3800 450 3862 judicent:
469 3807 493 3852 8.
503 3809 615 3852 mentem
629 3801 734 3850 Boethii
774 3803 842 3868 quod
865 3803 920 3865 ejus
943 3816 1016 3850 mens
1038 3800 1191 3850 caducarum
1214 3815 1299 3852 rerum

209 3876 344 3942 speciatim
353 3876 607 3927 esse‘oblitamauir’
618 3882 658 3923 ert
666 3875 733 3923 enim
774 3877 1018 3942 perturbationibus,
1030 3889 1116 3925 amore
1127 3889 1152 3926 v.
1165 3892 1189 3941 g.
1201 3886 1246 3928 aut
1256 3880 1300 3929 de.

209 3955 271 4005 'vel
297 3954 453 4016 maximum,'
484 3955 568 4017 inqrrlt
598 3949 694 4004 Tullius
712 3964 732 3999 r.
774 3952 1180 4012 siderio‚obscnratavidebatur.
1199 3956 1300 4007 Deinde

208 4031 300 4081 'rusa‘
310 4031 394 4079 animo
405 4033 461 4095 ipso
469 4031 579 4078 animum
589 4023 693 4073 videre:
706 4032 734 4075 et
774 4029 850 4077 iidem
859 4027 927 4076 oculi
936 4025 1054 4077 ‘fletibus
1062 4029 1216 4095 undabant3'
1230 4033 1298 4097 qnod

209 4104 558 4159 nimirumlrancbabetvim
572 4108 733 4166 preceptum
773 4102 889 4168 etusdem
909 4118 982 4153 meur
1005 4112 1112 4172 propter
1133 4108 1236 4159 amiam
1258 4122 1298 4158 res
