2790 4800
217 278 261 342 62
561 288 712 336 sonuum
739 290 787 336 un
813 287 966 336 causon.

218 433 447 514 Intempestiui
464 431 644 497 funduntur
658 434 783 495 vertice
797 433 886 508 caui,

260 532 304 595 Et
317 534 428 595 tremit
442 532 556 596 effoeto
572 551 712 613 corpore
723 533 803 594 luxa
818 532 913 596 cutis.

217 623 317 696 Mors¹
327 634 493 696 bominum
508 629 618 708 felix,¹¹
641 652 717 713 quoe
734 650 847 694 senec
863 632 1018 695 dulcibus
1033 632 1129 695 annis

261 733 394 811 Inserit,
407 739 440 797 et
454 735 583 798 moestis
598 753 690 816 saepe
705 733 939 796 vocata-veuit.

217 832 322 908 Eheu,
338 852 439 914 quam
455 832 554 896 surda
570 833 708 895 miseros
725 832 885 895 avertitur
899 828 1001 908 aure,¹

257 933 301 997 Et
314 933 432 997 flentes
445 934 565 997 oculos
580 929 759 997 clauderek
781 952 874 997 saeva
885 933 1003 1014 negat!

1271 833 1315 896 15

215 1089 338 1150 spargitur
355 1103 399 1152 per
418 1104 493 1140 meum
509 1093 588 1152 caput,
599 1094 622 1138 et
634 1103 684 1138 mea
692 1089 770 1152 pelis,
786 1087 899 1148 confectis
909 1087 1027 1148 membris,
1042 1101 1129 1148 rugosa
1146 1087 1313 1136 contremiscit.

214 1153 262 1200 illa
276 1168 338 1201 mom
348 1155 466 1201 boorioum
484 1158 520 1202 est
530 1154 667 1214 fortunata,
677 1167 729 1215 qua
740 1167 787 1200 um
796 1167 847 1201 sese
857 1153 967 1200 immittit
975 1153 1117 1215 florentibus
1131 1152 1280 1214 temporibus,
1289 1155 1314 1199 et

213 1219 279 1265 adest
297 1217 394 1280 afflictis
406 1218 546 1278 frequenter
561 1218 692 1279 implorata.
728 1217 785 1264 Heu
803 1221 916 1279 quartum
933 1215 1085 1264 inexorabilis
1100 1230 1162 1263 murs
1180 1216 1267 1263 recedit
1282 1215 1313 1262 all

212 1280 343 1329 bominibus
359 1279 509 1344 calamitosis,
527 1286 551 1329 et
567 1286 680 1343 quartum
698 1281 802 1330 crudelis
814 1285 906 1329 recusat
922 1280 1041 1329 obstruere
1052 1281 1129 1329 oculos
1140 1279 1315 1343 lacrymantes!

709 1390 816 1442 NOTAE

213 1477 278 1529 foeta
293 1484 404 1528 vocatur
414 1479 523 1542 primum
536 1479 637 1543 quidem
648 1494 742 1543 pareus
783 1479 896 1544 loquitur
911 1479 1036 1530 suadente
1053 1479 1213 1544 prejudicio,
1224 1482 1315 1543 vobrp·

213 1571 390 1621 quaecnmque‚
403 1572 460 1620 quae
470 1556 558 1606 foetum
571 1556 664 1618 edidit,
672 1556 743 1606 deiu-
784 1564 839 1607 tate
857 1558 976 1606 nimirum
995 1563 1022 1606 et
1039 1555 1202 1619 aegritudine,
1220 1556 1313 1619 quibus

213 1632 362 1693 deparcos,
378 1647 435 1696 qnae
450 1630 582 1695 frequenti
598 1639 675 1694 partu
693 1632 743 1679 las·
783 1648 854 1681 meus
872 1632 982 1680 bumana
1001 1633 1028 1680 in
1050 1646 1175 1695 prospera
1193 1631 1313 1680 adversa-

212 1714 268 1757 sata
286 1722 378 1771 parere
399 1707 502 1756 tandem
523 1707 611 1769 desiit,
633 1707 742 1770 denique
784 1707 950 1772 quefortuns
970 1706 1098 1756 afficitur:
1120 1707 1162 1770 qui
1183 1709 1251 1754 enim
1269 1721 1312 1755 vo-

210 1797 253 1832 res
265 1785 372 1847 quaevis,
383 1797 441 1846 quae
452 1782 583 1831 exhaustis
595 1782 692 1831 viribus
704 1783 743 1830 ita
781 1784 883 1846 luptste
894 1780 1013 1844 afficitur,
1029 1781 1089 1830 huic
1107 1795 1174 1829 mors
1186 1781 1228 1829 illa
1240 1780 1312 1829 vide·

210 1860 328 1920 languet,
346 1857 408 1904 nibil
432 1864 461 1906 ut
482 1857 565 1920 possit
588 1858 742 1920 producere.
783 1856 988 1921 tur⁴felix,quae
1002 1872 1029 1906 se
1040 1856 1157 1906 dulcibus
1175 1856 1247 1904 annis
1259 1870 1310 1905 nou

210 1934 254 1982 Sic
265 1933 356 1994 Virgit.
369 1946 388 1980 1.
410 1932 489 1981 Geor.
508 1938 598 1984 usal.
618 1931 740 1983 ‘Effoetos
782 1934 873 1982 inserit
885 1933 904 1982 :’
920 1934 965 1997 qui
984 1948 1045 1983 vero
1062 1932 1217 1996 aegritudine
1234 1931 1311 1981 animi

211 2009 325 2058 cinerem
346 2008 504 2058 immundum
522 2011 626 2073 jactare
650 2023 697 2071 per
713 2025 739 2058 a·
783 2009 892 2070 laborat,
912 2009 997 2069 eidem
1018 2007 1123 2069 ‘marm'
1146 2023 1202 2072 quse
1222 2008 1311 2070 ‘saepe

212 2083 290 2146 gros.¹
783 2091 873 2134 vocata
884 2084 972 2148 veuit,'
985 2087 1022 2134 ita
1038 2084 1101 2133 felix
1115 2084 1226 2146 ridetur,
1237 2093 1267 2133 ut
1279 2099 1310 2133 eo

243 2157 255 2190 ¹¹
272 2161 340 2210 Mors
360 2161 477 2212 lominum
489 2161 566 2223 felix]
589 2162 654 2212 Cum
671 2161 739 2209 locu·

212 2234 249 2283 tio
269 2234 302 2284 sit
318 2236 484 2300 cogitationis
500 2239 641 2298 interpres,
658 2235 740 2300 qualis

212 2318 252 2360 est
263 2311 396 2374 cogitatio,
408 2313 465 2362 tutis
478 2327 533 2361 esse
543 2312 623 2361 debet
631 2311 740 2361 hominis

210 2388 323 2437 locutio:
343 2404 404 2437 vere
432 2390 501 2438 enim
525 2388 643 2437 Christus
660 2388 740 2438 Matr.

210 2477 261 2514 xro.
272 2481 310 2514 vs.
321 2471 361 2517 st.
373 2467 424 2515 ait:
443 2468 493 2514 ‘ex
509 2465 668 2514 abundantia
684 2478 741 2514 cor-

211 2538 250 2588 dis
272 2554 300 2587 os
321 2539 452 2603 loquitur!
485 2538 528 2589 ste
548 2539 620 2588 Dido
640 2540 740 2589 AEueid.

210 2627 252 2660 iv.
273 2628 319 2674 pro
339 2612 456 2675 diversis,
479 2615 572 2678 quibus
590 2615 617 2662 in
636 2615 740 2664 AEueam

211 2684 331 2747 afficitur,
354 2689 556 2750 cogitationibus
579 2690 680 2740 diversa
704 2689 740 2738 lo·

210 2762 308 2825 quitur,
325 2767 353 2810 ut
366 2763 431 2811 bunc
442 2765 517 2813 modo
531 2780 546 2813 a
558 2767 626 2824 Diis,
638 2763 714 2813 modo
724 2778 746 2812 a·

209 2836 272 2885 feris
282 2837 396 2900 genitum
406 2836 488 2887 dicat:
501 2840 600 2888 ‘Credo
611 2840 740 2903 equidem,

210 2926 260 2960 nec
289 2927 355 2961 vana
381 2911 456 2973 fides,
484 2929 564 2975 genus
591 2929 646 2964 esse
671 2917 742 2964 Deo·

782 2161 911 2211 crudelior
922 2162 966 2222 sit,
977 2176 1027 2225 qno
1040 2161 1120 2212 veluti
1132 2160 1219 2223 surda,
1230 2161 1309 2210 uitam

781 2236 843 2285 sinit
864 2235 925 2284 duci
948 2236 1097 2299 longiorem.
1135 2236 1222 2300 Atque
1250 2236 1311 2284 iude

780 2311 906 2361 Boethius
925 2312 1036 2375 colligit,
1047 2326 1078 2359 ne
1098 2311 1202 2375 quidem
1222 2311 1260 2359 bis
1274 2313 1311 2360 le·

781 2387 855 2450 gibus
878 2394 987 2437 mortem
1009 2389 1059 2437 sibi
1081 2386 1162 2437 fuisse
1185 2386 1310 2437 felicem:

782 2478 840 2512 cum
852 2477 919 2512 mors
930 2464 956 2512 in
968 2478 1091 2529 prospera
1111 2478 1227 2527 praeceps
1240 2464 1311 2512 voirs·

782 2539 843 2600 erit,
853 2539 878 2586 in
891 2539 1000 2588 aduersa
1017 2545 1103 2588 sutem
1114 2537 1219 2587 fortuna
1235 2538 1311 2586 tarda

781 2614 893 2662 noluerit
912 2614 990 2663 vitam
1012 2611 1129 2661 auferre:
1155 2612 1223 2676 quod
1247 2614 1309 2660 satis

781 2686 944 2737 manifestum
965 2687 1016 2734 erit
1039 2685 1183 2734 observatis
1205 2684 1309 2749 quibus·

781 2762 848 2823 dam,
858 2777 915 2825 quae
927 2767 1078 2824 sequuntur,
1090 2759 1232 2810 vocabulis.

816 2835 915 2886 ¹Surda
993 2836 1062 2898 aure]
1089 2836 1184 2886 Surdus
1212 2834 1309 2885 dicitur

780 2914 866 2975 bomo,
881 2913 926 2978 qui
943 2927 1003 2962 nure
1020 2912 1144 2976 impedita
1155 2925 1205 2962 uon
1217 2912 1307 2962 audit:

208 3001 275 3037 rum.
287 3022 293 3035 .
306 3023 312 3036 .
324 3022 330 3035 .
343 2986 401 3035 Nec
413 2987 461 3035 tibi
472 2988 538 3036 Diva
550 3004 653 3052 parens,
662 3005 739 3054 gene·
781 3005 862 3053 quare
888 3005 947 3039 essm
969 2989 1039 3040 aruris
1060 2987 1143 3036 insitis
1165 2987 1309 3050 presertim

210 3065 245 3113 ris
265 3078 314 3113 nee
338 3063 475 3112 Dardanus
501 3074 601 3128 auctor,
619 3065 738 3118 Perfide:
780 3068 899 3117 sordibus
910 3067 1073 3130 impediatur,
1089 3072 1228 3128 propterea
1239 3065 1310 3114 ‘sur·

209 3141 254 3190 sed
271 3141 343 3190 duris
355 3140 447 3204 genuit
463 3145 490 3186 te
501 3140 622 3188 cautibus
633 3143 738 3191 horrens
780 3142 845 3203 dus,'
868 3142 931 3202 sive,
954 3148 982 3189 ut
1001 3141 1111 3189 Veteres
1128 3139 1311 3202 loquebantur,

210 3219 350 3280 Caucasus,
367 3218 548 3280 Hyrcanaeque
561 3215 698 3268 admorunt
710 3232 738 3265 u·
779 3214 901 3264 ‘surdus'
922 3214 1027 3261 ridetur
1047 3214 1098 3263 dici
1120 3229 1167 3278 per
1190 3224 1308 3267 contrac-

210 3291 273 3340 bers
293 3292 391 3356 tigres.’
429 3293 493 3342 Cum
512 3289 592 3352 igitur
612 3291 737 3342 Boitbius
779 3289 877 3339 tionem
900 3287 971 3352 quasi
995 3287 1149 3339 ‘sordidum’
1181 3291 1243 3354 Sed,
1265 3307 1309 3345 no·

210 3367 323 3415 nondum
350 3366 509 3417 consuluerit
537 3366 738 3429 Philosophiam,
779 3363 848 3412 mine
864 3362 925 3412 hinc
941 3362 1308 3419 adsolammentemtrausla·

209 3453 261 3488 nou
271 3441 444 3504 intelligentia
458 3442 502 3491 sed
515 3441 738 3506 praejudicioduc·
780 3448 817 3502 to,
828 3440 873 3489 ille
893 3441 971 3493 etiam
991 3439 1087 3488 dicitur
1104 3447 1191 3492 mente
1208 3440 1308 3503 surdus,

209 3522 251 3562 tus
262 3514 384 3577 loquitur.
417 3519 489 3579 Nou,
502 3519 615 3580 inquam,
627 3516 740 3582 loquitur
780 3517 823 3580 qui
835 3516 944 3582 quodam
965 3512 1062 3568 affectu
1078 3515 1208 3564 contraria
1226 3515 1308 3578 impe·

209 3589 277 3637 duce
297 3589 483 3652 intelligentia:
507 3592 608 3642 diceret
627 3593 738 3642 enimin
779 3592 849 3643 ditus
876 3599 992 3642 orantem
1012 3605 1063 3640 uon
1085 3590 1208 3640 exaudit:
1237 3589 1306 3640 unde

208 3664 517 3728 prosperatortunacum
527 3670 615 3718 Trrllio
630 3676 738 3719 mortem
778 3669 846 3718 Stet.
866 3681 898 3717 11.
920 3667 980 3715 Sila.
1022 3665 1176 3728 ‘odistique
1204 3663 1307 3728 chelyn,

208 3746 314 3804 propter
334 3740 445 3794 incertos
464 3759 538 3793 casus
559 3746 675 3810 quotidie
693 3747 739 3793 im·
779 3743 908 3805 ssirdaque
928 3741 1053 3792 everteris
1067 3737 1146 3789 aure!
1177 3737 1306 3789 Moosso-

208 3817 315 3878 minere,
333 3824 360 3866 et
378 3826 484 3882 propter
504 3821 563 3870 vitae
584 3820 738 3870 brevitatem
780 3825 856 3866 teme
867 3817 958 3868 Poetis
970 3817 1075 3881 fingitur
1091 3813 1172 3864 veluti
1187 3813 1307 3879 quedam

208 3905 336 3956 nunquam
358 3894 436 3954 longe
459 3895 560 3944 abesse:
583 3896 610 3943 in
631 3892 739 3942 adversa
778 3907 973 3958 pensumque,
990 3890 1154 3956 prodiremls
1166 3890 1218 3940 suis
1229 3888 1308 3942 affec·

206 3967 384 4020 verocundem
395 3975 504 4020 risortem
517 3985 602 4020 moras
617 3981 738 4031 compen·
778 3968 857 4030 tibus,
864 3969 1013 4019 inuocantes
1028 3966 1111 4033 possit
1119 3965 1253 4029 exaudire,
1265 3970 1306 4022 vel

209 4056 264 4092 sure
290 4045 437 4097 aeternitate
464 4045 580 4097 melioris
608 4043 677 4104 vitae,
709 4043 736 4091 iu
777 4058 827 4094 non
838 4043 970 4093 exaudior.

209 4129 284 4179 quam
296 4121 445 4172 introducit.
478 4121 515 4170 At
531 4119 599 4168 idem
611 4117 752 4219 Boitbtus'
808 4117 917 4169 ¹‘Oculos
925 4118 1043 4182 claudere]
1061 4118 1175 4169 Tantum
1192 4124 1232 4170 est
1244 4134 1304 4169 ocu·
