2790 4800
591 290 779 338 nrrsrocu.
1220 282 1242 343 3

190 431 355 509 Quamvis
370 441 484 498 autem
497 443 673 516 augustum
689 435 799 502 Tuum
813 455 930 524 genus,
948 446 984 501 et
998 439 1238 522 praestantissi-

146 552 204 597 ma
217 534 292 599 Tua
311 537 452 601 eruditio
463 536 512 600 Te
535 537 619 601 adeo
642 538 848 617 erexissent,
872 545 911 603 ut
935 560 1054 606 aureus
1078 540 1131 604 hic
1152 541 1239 603 liber

146 653 267 717 magno
280 638 358 702 Tibi
373 639 533 721 deinceps
548 639 627 702 usui
645 659 719 702 esse
741 660 808 705 uon
828 650 962 725 posset3
987 643 1111 725 grande
1126 649 1237 706 tamen

146 735 255 800 Tuum
270 738 462 802 Ducuntur
479 740 581 803 decus
592 739 627 802 id
644 758 665 802 a
685 740 736 802 Te
751 741 884 806 videtur
897 745 1078 825 postulare,
1097 743 1192 807 illum
1204 750 1240 806 nt

145 838 264 902 librum
280 840 359 903 Tibi
373 840 440 922 legi
455 861 575 919 cures3
596 859 674 903 cum
690 841 776 905 alias
793 845 837 906 ob
852 863 987 920 causas,
999 848 1068 906 tum
1085 845 1239 922 maxime,

144 945 183 1003 ut
197 941 360 1006 Boethius
375 942 520 1006 Gallicis
535 940 747 1018 Academiis,
770 944 925 1026 aquibus
939 944 1026 1025 pari,
1042 963 1110 1026 qua
1123 944 1200 1006 olim
1219 964 1239 1007 a

145 1039 309 1105 Romanis
329 1042 511 1118 moenibuS,
534 1040 701 1123 injustitia
715 1041 839 1106 dudum
856 1045 1017 1122 exulavit,
1042 1044 1116 1107 Tuo
1141 1045 1241 1126 regali

146 1144 303 1226 exemplo
318 1142 531 1206 restituatur:
555 1148 650 1226 turpe
664 1144 820 1209 nimirum
836 1165 935 1228 reguo
950 1145 1239 1210 christianissimo

146 1263 279 1307 sacrum
294 1243 381 1305 huuc
397 1241 565 1308 doctorem
583 1243 740 1326 Virgilio,
765 1245 931 1325 Ciceroni,
952 1246 1138 1323 Aristoteli,
1155 1255 1242 1314 cete·

147 1345 261 1427 risque
286 1344 454 1426 religionis
470 1344 671 1412 Christianae
685 1347 838 1414 hostibus
859 1350 1031 1433 postponi,
1046 1369 1154 1432 eoque
1169 1367 1240 1412 ma-

146 1447 209 1529 gis,
223 1445 313 1530 qnod
324 1447 379 1511 ille
393 1465 460 1510 nou
474 1448 679 1531 intelligendi
694 1452 816 1527 solum,
825 1451 884 1515 sed
899 1453 1002 1515 etiam
1015 1451 1150 1515 dicendi
1166 1470 1237 1532 gra·

145 1549 306 1613 vissimus
322 1554 437 1614 auctor
450 1555 483 1614 et
497 1551 656 1633 magister
670 1558 801 1616 nostras
817 1553 1082 1617 Christianorum
1106 1551 1240 1615 scholas

144 1650 355 1716 affluentibus
371 1652 599 1717 doctrinarum
618 1656 764 1717 omnium
783 1654 892 1735 copiis
915 1654 1078 1716 ditaverit.
1122 1649 1242 1713 Gram-

144 1753 314 1830 maticam,
326 1753 440 1835 fugata
453 1755 619 1830 barbarie,
640 1760 774 1819 sanctos
793 1746 980 1816 fabularum
1000 1770 1081 1814 usus
1108 1751 1242 1814 docuit:

146 1852 362 1918 Rhetoricam
372 1853 562 1917 lectissimis
576 1856 686 1917 verbis
697 1854 945 1937 verissimisque
957 1853 1133 1916 sententiis
1146 1872 1242 1924 orna-

146 1956 215 2018 vit:
239 1954 493 2037 Philosophiam
518 1956 724 2019 obscuritate
748 1955 925 2019 liberatam
953 1956 999 2018 ita
1022 1955 1183 2030 excoluit,
1203 1958 1242 2016 ut

147 2056 348 2139 quicumque
376 2056 455 2121 huic
480 2057 765 2140 parere'voluerit,
792 2057 822 2121 is
853 2076 951 2121 omne
972 2057 1084 2120 aetatis
1105 2064 1240 2138 tempus

146 2159 255 2241 possit
268 2162 339 2223 sine
354 2159 510 2224 molestia
528 2159 724 2240 transigere.
1305 2152 1312 2162 '

189 2259 310 2324 Patere
334 2281 422 2342 ergo,
449 2261 707 2325 snnnnrssrue
737 2259 953 2331 Deurnrnn,
983 2257 1092 2320 virum
1115 2256 1242 2336 pariter

147 2361 306 2438 nobilem,
324 2362 473 2439 doctum,
487 2369 520 2424 et
540 2357 851 2437 sanctum'Regiam
868 2354 1006 2436 ingredi,
1028 2355 1147 2417 ceteris
1163 2373 1241 2417 auc-

147 2462 277 2525 toribus
291 2460 377 2524 Tuis
393 2461 612 2536 annumerari,
630 2465 664 2522 et
682 2460 765 2523 iuter
776 2457 866 2533 illas,
879 2475 965 2539 quas
976 2456 1009 2517 in
1020 2455 1125 2517 literis
1138 2453 1243 2516 felici·

145 2571 197 2626 ter
211 2561 393 2637 consumis
404 2580 525 2643 operas
541 2559 618 2623 Tim
635 2557 836 2623 audiendum
852 2557 1011 2641 proponi:
1027 2555 1240 2618 sanctitatem

145 2665 199 2729 hic
215 2683 292 2729 cum
307 2663 468 2739 doctrina,
480 2670 653 2745 utramque
662 2683 739 2726 cum
749 2661 921 2724 nobilitate
934 2660 983 2721 sic
997 2656 1241 2721 animadvertes

146 2766 369 2849 conjunctam,
388 2772 424 2829 ut
446 2764 607 2848 quicquid
635 2764 762 2828 ibidem
786 2764 846 2825 erit
866 2761 1013 2836 obvium,
1037 2759 1072 2822 id
1099 2763 1240 2838 augusta

146 2869 223 2932 Tua
240 2867 331 2930 haud
344 2867 514 2946 iudignum
530 2865 666 2946 origine,
689 2862 781 2926 etad
797 2861 904 2924 Tuam
930 2858 1101 2922 scientiam
1117 2875 1241 2938 augen-

147 2968 224 3031 dam
240 2972 273 3030 et
287 2967 332 3029 ad
345 2985 502 3028 coronam
514 2971 685 3040 aeternam,
705 2965 761 3027 cui
781 2981 875 3043 reges
890 2979 1005 3024 omnes
1027 2958 1161 3024 studere
1183 2957 1239 3021 de-

147 3070 239 3146 bent,
253 3067 522 3150 consequendum
538 3067 729 3131 conducere
743 3065 920 3152 plurimum
934 3062 1055 3145 possit,

216 3301 332 3364 Cudomi,
347 3303 408 3351 Kal.
425 3302 555 3352 Novemb.

264 3396 297 3447 A.
305 3396 339 3445 D.
351 3408 511 3447 nucuxxrx.
