2790 4800
497 282 755 348 eurnouornrn
779 299 850 346 eru
874 299 898 346 r.
1198 285 1236 348 ⁷1

642 442 668 490 N
671 441 751 491 OTAE

157 550 332 615 euntibusque
347 551 430 602 Muris
446 552 631 618 Philosopbicis
642 555 680 604 lo·
716 555 768 603 nim
781 551 955 615 Philosophiae
966 549 1089 600 institutis
1107 544 1158 599 nou
1170 549 1242 612 prius

155 642 214 677 eum
235 626 337 689 cedere,
360 642 409 677 uon
432 636 492 679 ants
510 637 677 695 tamenquam
716 630 796 680 imbui
814 641 1042 694 possumus,quam
1065 627 1154 675 Musas
1175 626 1232 676 illas

156 703 189 752 ab
205 704 262 766 ipsa
276 704 439 768 Philosophia
457 705 616 768 pergraviter
638 722 678 755 re·
717 705 862 770 similesque
883 702 1110 768 perturbationum
1138 702 1242 752 veritati

156 779 297 843 prehensa,
318 794 438 844 suamque
466 782 597 831 tristitiam
625 790 676 831 tes·
715 780 878 830 inveniende
892 778 1079 829 contrariarum
1098 791 1241 829 causasve·

155 861 234 904 tetre:
251 855 319 904 uude
333 857 438 905 ‘chorus
449 856 502 905 illo'
513 857 608 907 dicitur
618 858 627 886 ‘
638 857 676 905 in·
716 857 771 906 lere
779 857 940 920 jusserimus.
959 855 1112 917 Quanquam
1121 855 1171 903 illas
1182 868 1242 918 per·

156 930 276 995 crepitus'
287 931 436 997 (increpari
451 933 521 983 idem
537 933 605 999 quod
622 948 677 982 ver·
719 931 883 980 turbationes
906 943 976 991 saepe
1000 929 1104 977 remotis
1127 929 1166 977 liis
1183 944 1242 980 cau·

155 1008 194 1057 bis
206 1009 294 1058 aliisve
310 1010 389 1072 riguis
406 1009 526 1072 gravibus
537 1010 677 1072 repreheu·
717 1007 752 1054 sis
761 1005 844 1054 adbuc
854 1008 1037 1067 perseverant:
1049 1002 1119 1051 unde
1129 1003 1243 1054 Philoso-

154 1083 193 1148 di)
204 1090 232 1133 et
247 1084 391 1147 ‘dejecisse
409 1084 481 1132 humi
493 1085 607 1132 moestior
624 1084 678 1132 vul·
718 1082 778 1145 pnia
787 1081 821 1129 de
830 1080 925 1129 mentis
935 1078 1085 1129 Boiitbianre
1094 1079 1245 1142 ‘perturba-

154 1157 227 1206 tum'
260 1157 333 1207 Abiit
354 1157 459 1206 tandem
478 1157 569 1207 chorus
588 1157 632 1206 ille
651 1165 680 1208 et
719 1156 789 1206 tione
801 1156 838 1205 ric
849 1161 991 1219 conquesta
1000 1153 1059 1204 ert!

154 1232 251 1280 ‘limen
272 1231 354 1279 tristis
376 1232 490 1294 excessit
498 1231 515 1293 ;'
532 1232 636 1295 optimis
654 1247 680 1280 e-

567 1435 832 1446 ...μή-

554 1601 765 1669 METRUM
788 1601 837 1666 ΙΙ.

245 1828 249 1869 3
283 1771 384 1848 Hau,
399 1791 500 1853 quam
515 1771 681 1854 praecipiti
696 1788 807 1868 merso
816 1768 979 1852 profundo

245 1872 249 1931 j·
281 1870 414 1934 Menam
434 1871 559 1949 hebet,¹
575 1877 608 1934 et
625 1871 761 1954 propriu
775 1871 849 1935 luce
865 1871 1005 1949 relicta,l

283 1971 410 2037 Tendit
425 1973 458 2037 in
473 1980 628 2038 externas
641 1975 689 2037 ire
704 1975 882 2053 tenebros,⁰

189 2149 256 2210 Her,
278 2156 390 2215 qnantum
410 2168 475 2204 meus
499 2156 599 2205 bumana
626 2156 737 2205 immersu
755 2155 956 2220 puturbotiouum
974 2157 1036 2205 mori
1053 2155 1136 2218 rapido
1149 2154 1243 2218 altoque

154 2214 302 2279 obtruditur,
319 2231 404 2281 meque
419 2221 505 2269 lesuin
521 2221 663 2284 poulubito,
681 2221 768 2270 uititru
779 2234 848 2270 ruere
857 2221 884 2270 lu
898 2221 1024 2282 caliginem
1033 2220 1182 2281 exteriorem
1190 2232 1244 2267 rsus

607 2358 611 2365 ·
643 2346 753 2396 NOTAE

188 2442 206 2469 ¹¹
222 2436 349 2500 mauult
366 2453 443 2487 maso
467 2438 583 2501 profando
599 2440 680 2503 Meua]
720 2439 852 2489 bebercit?
864 2438 945 2502 Atqui
952 2452 1025 2487 meus
1032 2438 1144 2486 bumana
1150 2445 1251 2500 quanto·

157 2512 223 2563 Qun
251 2525 322 2561 meus
350 2513 403 2562 suls
436 2513 682 2577 perturbationibus,
720 2516 800 2577 magis
809 2513 1045 2578 perturbationibus
1055 2512 1246 2574 obruitur,tau·

155 2588 298 2649 praesertim
312 2602 372 2637 vero
385 2588 462 2638 nimia
474 2604 557 2638 rerum
574 2591 681 2640 caduca·
721 2598 748 2641 to
766 2591 999 2642 miuus.reritatem
1008 2587 1177 2651 contemplari
1189 2595 1246 2652 pot·

153 2678 208 2712 rum
221 2664 383 2714 solicitudine
394 2663 515 2727 afficitur,
532 2666 587 2717 brec
604 2667 680 2717 abiis
720 2674 776 2717 est:
794 2666 912 2730 adeoque
929 2664 1017 2714 hebet.
1051 2665 1121 2713 Hinc
1139 2665 1166 2713 S.
1178 2664 1245 2715 Gre-

151 2739 523 2808 immergitur,velntiquodam
533 2744 679 2808 mari‚quod
720 2758 774 2806 gor.
793 2743 866 2792 Prol.
886 2755 919 2791 n.
939 2747 1006 2804 part.
1025 2740 1051 2789 in
1069 2740 1244 2792 Ezechielem:

153 2817 189 2864 rit
206 2822 234 2864 et
253 2815 407 2879 profundum
419 2824 445 2866 et
457 2833 583 2882 praeceps.
614 2820 680 2868 Pro-
718 2820 726 2846 ⁴
739 2816 931 2880 Mens‚’inquit‚
942 2817 949 2845 ‘
959 2821 1053 2878 quanto
1062 2813 1251 2864 circaterreua

154 2889 261 2938 fundum
280 2891 400 2953 quidem3
419 2892 489 2954 quod
511 2893 556 2941 illa
575 2891 680 2942 affectio
722 2893 778 2956 plns
795 2892 899 2954 satagit,
915 2897 986 2941 tauto
1003 2891 1029 2940 iu
1046 2890 1085 2939 his
1104 2904 1162 2955 qna
1184 2897 1246 2941 sunt

153 2965 234 3012 menti
245 2965 278 3014 sit
289 2964 420 3013 altissimis
439 2965 569 3014 radicibus
587 2966 679 3017 infixa:
722 2969 845 3029 caelestis,
861 2969 944 3018 minus
955 2967 1043 3016 ridet?

156 3052 274 3100 praeceps
294 3052 365 3101 vero,
383 3037 452 3102 quod
469 3039 558 3089 eadem
570 3039 680 3103 affectio,
754 3044 878 3108 uPropria
886 3045 936 3093 luce
944 3042 1038 3106 reddo]
1054 3042 1139 3091 Menti
1148 3046 1245 3090 nostre

154 3112 237 3162 instar
245 3113 377 3177 cujusdam
386 3111 458 3163 surim
467 3116 608 3177 concitata,
616 3132 680 3182 prae·
720 3120 823 3170 insitum
845 3127 886 3170 est
905 3120 938 3170 ab
959 3120 1015 3185 ipso
1033 3125 1131 3167 nostrae
1152 3116 1255 3164 mentis*

155 3187 261 3250 cipitem
278 3196 389 3238 mentem
406 3189 431 3239 iu
449 3205 563 3243 errorem
579 3195 680 3244 uitium·
721 3203 827 3246 anctore
847 3197 904 3245 Deo
925 3194 1052 3259 quoddam
1076 3192 1172 3249 lumen,
1196 3203 1246 3253 ll¹¹⁰

157 3277 207 3326 (1⁰0
217 3263 336 3327 fibliplfll·
719 3273 776 3335 ipsa
788 3287 816 3320 se
827 3287 899 3322 mens
918 3269 1050 3320 erroribus
1061 3265 1184 3328 vitiisque
1203 3279 1246 3314 er-

189 3343 202 3370 ¹
219 3338 310 3401 Hebet]
334 3340 438 3390 Hebere
458 3345 561 3407 proprie
583 3345 680 3397 dicitur
720 3354 790 3395 utam
799 3357 957 3407 cognoscere
966 3336 1180 3404 conjunctaque
1188 3353 1247 3391 cum

154 3415 265 3478 gladius,
278 3416 353 3477 cnjus
364 3417 431 3465 acies
443 3426 529 3467 retusa
540 3426 590 3480 est,
598 3427 679 3469 traus-
721 3421 806 3468 diuina
816 3424 904 3467 mente
916 3415 1015 3464 sentire
1026 3414 1122 3477 posnitt
1139 3415 1185 3465 sed
1198 3417 1246 3468 boe

153 3491 251 3541 latione
264 3505 335 3552 vero,
346 3490 409 3541 illud
420 3505 504 3553 omne,
513 3493 587 3555 eujus
598 3501 682 3543 motus
721 3495 819 3542 lumine
833 3491 885 3540 frui
897 3492 988 3540 nolunt
998 3491 1026 3553 ii,
1040 3492 1084 3556 qui
1101 3492 1153 3542 suis
1171 3492 1246 3545 obse-

154 3567 270 3631 langrtet.
303 3565 348 3616 Sic
360 3566 452 3629 Virgil.
462 3567 521 3616 AEu.
532 3581 559 3616 v.
576 3581 613 3616 us.
624 3571 681 3618 litto.
724 3575 836 3633 qnuntur
849 3568 1091 3631 perturbationibus.

154 3642 306 3692 ‘Sedenim
320 3641 419 3703 gelidus
436 3641 557 3692 tardante
577 3650 683 3692 senecta
756 3643 922 3693 ⁰lueutensoes
928 3644 1088 3708 trauntur]
1097 3646 1247 3712 Licetque·

154 3717 261 3783 Sanguis
272 3718 360 3781 hebet,
379 3716 527 3782 frigentque
544 3716 638 3769 effoetae
655 3721 682 3769 iu
722 3718 781 3767 dam
798 3720 878 3769 menti
892 3728 987 3770 nostrus
1006 3721 1084 3771 insita
1101 3723 1142 3772 vel
1161 3723 1248 3785 potius

156 3806 263 3856 corpore
275 3793 361 3844 vires!
383 3794 426 3843 Sic
437 3794 535 3842 'l'ullius
543 3808 563 3843 1.
575 3794 680 3844 Tuscul.
721 3796 809 3847 innata
821 3797 855 3847 rit
866 3798 987 3862 cognitio,
998 3797 1066 3862 quod
1079 3805 1165 3848 tamen
1176 3811 1248 3847 meus

154 3867 162 3893 ‘
175 3869 404 3930 quenadmodum:
417 3869 511 3933 inquit,
524 3870 586 3934 ‘qui
597 3872 680 3921 acutis
721 3873 812 3923 eadem
824 3872 899 3924 finita
909 3874 943 3924 sit
955 3874 1059 3938 suisque
1076 3872 1249 3936 perturbatio·

157 3942 681 4007 ocullsdeficientemsolemintuentuqas·
722 3944 1248 4011 nibusobuoxia‚proptereadupticiaub-

161 4024 264 4076 pectum
277 4021 379 4069 omuino
388 4021 521 4083 amittunt,
532 4022 571 4071 sic
585 4023 680 4072 mentis
717 4023 790 4085 iamt
809 4024 974 4073 tenebrarum
991 4021 1092 4083 generi,
1107 4016 1249 4068 domestico

159 4089 229 4139 acies
248 4090 358 4152 seipsam
378 4095 481 4144 intuens
503 4111 680 4162 nonnunquam
722 4097 845 4146 videlicet
854 4103 881 4146 et
892 4102 1010 4145 externo.
1042 4089 1201 4141 Domestica
1214 4097 1250 4142 ts·
