2790 4800
560 290 762 340 rnmrauro.
786 308 787 311 ¹
1164 284 1207 348 27

109 432 144 496 in
158 430 196 495 id
210 430 321 496 aetatis
334 431 462 515 pneris,
482 431 535 497 vel
549 432 691 516 paterni,
708 434 762 498 vel
782 434 865 499 aviti
892 436 1068 520 specimen
1091 439 1206 504 elucet

111 532 279 614 ingeniil’
322 532 437 618 Atque
454 534 526 600 haec
540 535 675 619 quidem
697 537 747 602 ita
773 530 851 603 sese
872 537 1006 606 habent.
1049 539 1148 608 Nunc
1162 563 1208 609 oa

112 634 288 701 videamus
304 655 381 719 qnae
395 637 438 701 ad
449 637 558 721 ipsine
573 639 702 705 obitum
715 641 851 708 faciunt

110 772 112 777 >
156 737 303 803 Praeerat
322 739 358 803 in
368 739 512 804 Oriente
530 741 630 806 rebus
652 743 807 808 humanis
826 743 985 810 Iustinus
1008 745 1209 828 Imperator,

106 839 185 922 ipse
195 841 296 905 etiam
309 860 355 906 ex
378 849 473 925 gente
487 841 624 921 Anicia,
638 850 784 910 vocatus
802 847 890 908 enim
911 845 978 908 init
998 845 1049 908 Fl.
1065 844 1209 915 Anicius.

25 932 28 939 ’
109 941 282 1025 ‹lustinus3
317 949 417 1028 atque
436 947 485 1009 ita
512 963 635 1008 nomen
657 944 733 1027 ejus
763 946 888 1008 nummi
907 946 1060 1009 referunt.
1104 939 1209 1014 Hunc:

107 1058 247 1110 neeesse
271 1053 325 1110 est
348 1051 527 1127 cognatum
550 1043 654 1108 inisse
677 1050 801 1109 nostro
822 1043 980 1111 Bedthio.
1025 1046 1207 1132 Proposuit

108 1153 224 1211 antem
243 1146 403 1211 lustinus
428 1145 589 1224 edictum,
618 1153 656 1211 nt
676 1145 880 1212 Arianornm
902 1149 1056 1214 eeclesiae
1083 1150 1211 1234 ubique

104 1245 297 1311 catholicis
319 1246 484 1311 cederent.
528 1246 594 1311 Per
608 1247 643 1311 id
659 1267 746 1331 aegre
760 1249 837 1315 tulit
850 1250 1077 1316 Theodericus
1093 1251 1210 1318 Italiae

109 1346 203 1424 Rex,
217 1346 310 1430 qnod
324 1354 359 1413 et
372 1349 447 1433 ipse
466 1348 612 1415 Arianus
628 1357 732 1430 esset,
747 1360 784 1416 et
805 1353 868 1418 toti
883 1361 986 1419 sectae
1000 1355 1139 1420 faveret.
1169 1358 1211 1424 Is

109 1448 237 1516 idcirce
251 1450 418 1517 loannem
439 1450 650 1535 Episcopum
673 1452 863 1519 Muranum
878 1453 1208 1541 Constantinopolim

108 1552 211 1631 misit,
223 1554 282 1637 qni
303 1554 412 1638 ipsius
425 1556 536 1619 verbis
552 1555 791 1640 Imperatorem
806 1557 979 1624 lustinum
999 1565 1152 1622 moneret
1164 1565 1207 1622 ut

101 1661 241 1742 ereptas
267 1655 403 1723 Arianis
424 1659 461 1723 in
483 1657 621 1724 Graecia
639 1667 677 1724 ,et
707 1657 793 1724 Asia
814 1660 979 1723 ecclesias
1003 1660 1212 1735 restitueret,

106 1777 213 1844 neque
221 1759 327 1824 ullum
336 1759 423 1842 ipsis
433 1761 599 1842 negotium
609 1759 817 1838 facesseret3
837 1761 889 1822 sin
900 1760 1025 1836 miuus,
1035 1779 1075 1822 se
1089 1759 1210 1823 eadem

107 1863 223 1925 omnia
236 1859 425 1925 Catholicis
436 1859 477 1921 *in
492 1857 597 1922 Italia
611 1857 784 1922 illaturum
800 1879 877 1942 quae
889 1859 1027 1925 Arianis
1037 1861 1208 1944 intelligo-

100 1969 157 2027 -ret
178 1962 214 2024 in
238 1959 326 2024 Asia
342 1947 506 2043 omnique
536 1959 671 2028 Graecia
692 1961 783 2027 facta
812 1982 899 2029 esse.
952 1963 1131 2029 Profectus
1160 1963 1207 2031 ad

107 2061 279 2127 lustinum
312 2061 466 2127 loannes
499 2063 610 2148 Papa,
641 2084 709 2130 non
740 2068 851 2149 paruit
888 2066 994 2150 Regis
1024 2065 1208 2144 mundatis,

109 2163 180 2240 sed,
201 2183 246 2227 ex
268 2164 412 2229 consilio
439 2174 474 2230 et
494 2166 594 2251 jussu
620 2168 756 2246 Justini,
784 2187 1000 2253 quacumque
1019 2169 1085 2232 iter
1113 2166 1209 2246 fecit,

108 2265 270 2330 ecclesius
284 2287 401 2332 omnes
416 2271 588 2334 sententiae
605 2270 1040 2335 orthodoxae-consecravit.
1078 2267 1209 2347 Itaque

108 2385 274 2431 reversum
283 2369 517 2432 Theodoricns
532 2370 731 2433 Ravennam
744 2369 790 2430 ad
804 2387 840 2430 se
854 2367 1023 2443 evocavit,
1044 2386 1115 2432 nna
1129 2385 1208 2432 eum

108 2467 309 2553 Symmacho
333 2467 470 2533 Boethii
492 2488 627 2533 socero:
649 2474 751 2553 atque
776 2468 847 2532 illic
871 2468 1017 2552 primum
1029 2465 1210 2544 loannem,

107 2576 268 2654 tanquam
296 2589 391 2635 reum
413 2569 615 2654 majestatie,
646 2571 770 2635 carceri
796 2570 977 2644 inclusum,
1006 2566 1107 2645 fame,
1137 2567 1209 2644 siti,

106 2673 250 2757 aliisque
259 2673 477 2739 incommodis
492 2675 676 2740 interemit:
700 2682 822 2758 postea
837 2673 937 2735 etiam
953 2668 1209 2754 Symmachum,

105 2780 143 2839 ut
157 2777 327 2842 conscium
341 2795 451 2841 rerum
465 2776 633 2840 adversus
641 2773 791 2840 Arianos
802 2778 969 2855 gestarum
983 2791 995 2851 ;
1015 2789 1055 2835 ac
1070 2770 1207 2836 tandem

107 2896 241 2959 quoque
263 2878 459 2942 Boethium:
497 2896 598 2959 quem
619 2876 677 2939 ille
706 2873 832 2950 Ticini,
857 2880 990 2938 resecta
1010 2873 1047 2937 in
1071 2890 1208 2936 carcere

107 2971 251 3053 cervice,
265 2975 377 3040 occidi
395 2976 510 3057 jussit,
526 2995 616 3039 anno
630 2973 754 3038 Christi
772 2991 910 3041 nxxvr.
927 2976 987 3058 qui
1000 2974 1206 3054 Theoderici

108 3076 214 3160 Regis
229 3076 293 3141 fuit
311 3093 450 3141 xxxrv.
472 3075 601 3141 Justini
616 3076 832 3160 Imperatoris
846 3074 1112 3155 nouus,Boiithii
1124 3076 1210 3137 vitae

110 3194 220 3241 nxxr.
241 3177 387 3243 loannis
403 3178 510 3261 Papae
525 3179 670 3257 ultimae,
694 3185 726 3243 et
747 3178 874 3244 Felicis
900 3179 1039 3261 primns.
1084 3173 1205 3235 Osten-

107 3280 195 3344 ditur
208 3278 373 3364 hodieque
394 3280 507 3346 'licini
529 3283 625 3346 turris
647 3282 804 3359 lateritia,
820 3283 854 3344 in
876 3299 945 3361 qua
970 3274 1132 3342 Boethius
1147 3273 1205 3337 do»

106 3387 220 3448 tentus
241 3380 277 3442 in
297 3381 443 3444 vinculis
463 3382 537 3444 suit
582 3381 717 3464 Corpus
740 3382 813 3462 ejus
835 3380 930 3441 cives
953 3378 989 3438 in
1012 3374 1137 3458 templo
1160 3375 1206 3442 Β.

106 3485 199 3550 Petri
215 3477 408 3558 condidere,
417 3482 478 3544 sub
495 3482 582 3544 coelo
597 3501 711 3558 aureo,
727 3479 858 3544 sacello
871 3478 914 3543 Β.
929 3476 1120 3558 Augustini,
1135 3497 1204 3561 qua
1234 3563 1238 3569 Ι

103 3594 200 3671 parte
216 3588 252 3651 in
268 3584 408 3668 adytum
423 3581 540 3663 templi
553 3599 714 3645 aseensus
730 3580 860 3663 incipit,
873 3587 990 3663 estque
1000 3575 1074 3662 ejus
1083 3599 1204 3645 monn-

104 3698 217 3754 mento
231 3686 434 3770 insculptum
450 3684 514 3749 hoc
530 3682 764 3767 Epitaphium:

191 3791 349 3855 Maeoniee
364 3792 397 3851 et
411 3787 653 3868 Latiaelingnee
668 3786 886 3863 clarissimus,
902 3784 1010 3869 etqui

232 3892 361 3957 Consul
370 3909 475 3966 eram,
489 3889 545 3953 hic
559 3889 656 3973 perii,
671 3891 796 3954 missus
810 3890 845 3953 in
857 3887 1009 3951 exilium.
1046 3896 1064 3906 ⁹
1118 3956 1121 3965 J

194 3991 258 4054 Sed
270 4012 371 4074 quem
385 4010 476 4055 mors
492 3993 616 4074 rapuit,
626 3993 776 4074 probitas
791 3991 903 4055 evexit
919 3988 963 4051 ad
973 4001 1103 4059 ·auras;

240 4092 284 4152 Et
297 4110 385 4154 nnuc
399 4093 489 4156 sama
497 4093 586 4177 viget
599 4094 761 4166 maxima,
776 4093 870 4156 vivet
885 4102 983 4169 opum
