2790 4800
156 263 200 328 42
477 275 706 328 rns'rruosrn
731 273 931 328 vnaroaun

159 419 315 502 complet,
341 425 378 482 ut
400 422 532 484 musica
559 422 689 502 possint
714 429 785 484 arte
811 426 959 485 cantare.
1005 419 1168 484 Videmus
1190 439 1249 502 per

158 539 232 583 earn
262 519 470 583 defensiones
505 521 578 604 jam
615 523 803 585 nutantium
839 523 1011 586 civitatum
1036 522 1161 601 subito
1191 521 1250 584 tali

157 621 310 683 firmitate
323 640 527 703 consurgere,
539 629 579 685 ut
589 622 934 686 machinamentorum
949 624 1085 687 auxiliis
1098 624 1249 705 superior

156 721 324 798 reddatur,
361 723 419 805 qui
456 723 656 804 desperatus
683 724 813 787 viribus
849 724 1021 787 invenitur.
1068 726 1247 788 Madentes

154 824 292 886 fabricae
317 824 352 886 in
375 845 465 907 aqua
486 827 616 889 marina
639 825 824 890 siccantur:
849 826 929 889 dura
952 845 1030 889 cum
1051 826 1176 890 fuerint
1197 829 1247 889 in-

155 925 294 1006 geniosa
310 925 534 1008 dispositione
550 928 745 990 solvuntur:
767 925 904 991 metella
915 927 1084 1007 mugiunt:
1109 927 1247 992 Diome·

155 1026 208 1088 dis
229 1027 264 1090 in
288 1047 354 1091 aere
369 1047 465 1107 grues
480 1029 678 1092 buccinant:
701 1048 816 1093 aeneus
832 1029 950 1110 anguis
962 1027 1133 1091 insibilat:
1164 1047 1246 1091 aves

154 1127 306 1192 simulate
325 1127 525 1208 fritinniunt3
553 1137 588 1193 et
608 1150 685 1212 quae
707 1132 875 1214 propriam
892 1149 1009 1193 vocem
1027 1129 1188 1204 nesciunt,
1203 1130 1246 1192 ab

155 1247 220 1292 aere
247 1228 455 1293 dulcedinem
469 1233 650 1313 probantur
674 1232 823 1294 emittere
846 1231 1031 1294 cantilenae.
1076 1228 1187 1292 Parva
1204 1229 1245 1292 de

152 1331 212 1393 illa
223 1329 403 1406 referimus,
420 1332 476 1393 cui
497 1334 621 1396 coelum
643 1334 767 1397 imitari
780 1333 831 1395 fas
844 1339 907 1396 est.
963 1332 1050 1396 Haec
1066 1333 1154 1395 enim
1169 1330 1247 1394 fecit

153 1430 335 1494 secundum
359 1429 474 1494 Solem
502 1432 536 1494 in
558 1431 769 1497 Archimedis
792 1434 925 1515 sphaera
955 1433 1144 1497 decurrere:
1172 1432 1244 1495 haec

153 1532 293 1595 alterurn
321 1531 495 1595 zodiacum
529 1534 689 1597 circulum
718 1534 863 1596 humano
892 1535 1032 1597 consilio
1059 1534 1245 1597 fabricavit.

155 1631 244 1695 Haec
268 1632 397 1696 Lunam
423 1634 555 1697 defectu
579 1653 640 1698 suo
660 1633 878 1715 reparabilem
901 1635 980 1696 artis
1001 1634 1245 1697 illuminatione

151 1735 366 1799 monstravit:
395 1755 599 1818 parvamque
615 1735 813 1811 machinam,
831 1733 1000 1816 gravidam
1015 1732 1157 1810 Mundo,
1174 1754 1245 1797 coe-

150 1835 220 1897 lum
243 1837 671 1920 gestabile,·compendium
693 1855 813 1913 rerum,
840 1837 1013 1919 speculum
1034 1841 1174 1912 naturae,
1201 1835 1244 1898 ad

151 1935 296 2014 speciem
334 1937 467 2000 aetberis
499 1937 823 2018 incomprehensibili
851 1937 1040 2001 mobilitate
1067 1935 1243 2000 volutavit.

62 2111 65 2119 ¹
150 2034 207 2097 Sic
223 2042 321 2115 astra,
336 2058 479 2120 quorum
494 2038 573 2099 licet
588 2055 718 2098 cursum
736 2039 896 2113 sciamus
920 2037 1110 2101 fallentibus
1133 2042 1243 2101 tamen

150 2137 267 2215 oculis,
278 2141 410 2222 prodire
424 2158 490 2202 non
504 2155 686 2200 cernemus.
731 2136 831 2201 Stans
846 2137 982 2219 quidam
994 2139 1027 2200 in
1040 2139 1108 2202 illis
1124 2141 1242 2203 transi-

151 2244 205 2303 tus
216 2247 286 2305 est:
310 2247 429 2325 etquae
439 2239 598 2304 velociter
613 2258 743 2302 currere
759 2259 838 2303 vera
851 2241 979 2303 ratione
994 2242 1187 2320 cognoscis,
1204 2261 1241 2305 se

149 2363 282 2407 movere
298 2364 364 2408 non
379 2343 535 2427 respicis.
580 2341 693 2420 Quale
717 2346 779 2417 est,
792 2342 855 2405 hoc
869 2342 996 2405 homini
1009 2343 1107 2405 etiam
1120 2343 1243 2420 facere,

151 2447 241 2528 quod
252 2447 307 2510 vel
321 2446 524 2510 intellexisse
536 2449 652 2527 potest
667 2464 743 2508 esse
757 2445 908 2508 mirabile
922 2447 936 2508 i
961 2443 1077 2522 Quare
1088 2464 1164 2508 cum
1179 2463 1242 2508 vos

151 2552 246 2608 emet
273 2547 390 2609 talium
416 2566 522 2611 rerum
546 2547 761 2628 praedicanda
785 2548 916 2624 notitia,
933 2547 1106 2629 horologia
1127 2546 1242 2623 nobis,

149 2645 293 2727 publicis
317 2649 483 2729 expensis,
513 2648 585 2712 sine
610 2652 721 2711 vestro
736 2648 923 2731 dispendio,
945 2649 1121 2710 destinate.
1166 2645 1241 2708 Pri-

150 2764 240 2808 mum
256 2745 311 2821 sit,
328 2749 386 2811 ubi
401 2751 505 2832 stylus
521 2750 587 2813 diei
601 2750 705 2813 index
721 2769 780 2833 per
799 2751 948 2813 umbram
963 2749 1120 2828 exiguam
1136 2746 1238 2809 horas

150 2848 324 2910 consuevit
345 2851 529 2915 ostendere.
575 2852 709 2917 Radius
724 2854 838 2934 itaque
853 2851 1032 2915 immobilis
1054 2855 1090 2914 et
1103 2868 1240 2933 parvus,

153 2967 315 3031 peragens
332 2949 419 3030 quod
435 2958 504 3014 tam
519 2955 671 3019 miranda
695 2955 893 3035 magnitudo
914 2953 1006 3018 Solis
1021 2951 1186 3028 discurrit,
1207 2957 1242 3014 et

148 3052 261 3132 fugam
298 3049 388 3113 Solis
425 3056 623 3135 aequiparat,
653 3057 743 3138 quod
782 3063 908 3122 motum
941 3075 1073 3139 semper
1102 3056 1240 3136 ignorat.

149 3154 341 3219 Inviderent
356 3153 479 3218 talibus
505 3157 534 3217 si
558 3162 647 3220 astra
671 3160 837 3235 sentirent,
849 3167 888 3223 et
901 3164 1044 3221 meatum
1060 3176 1157 3220 suum
1177 3154 1241 3219 for-

149 3264 238 3322 tasse
259 3256 481 3334 deflecterent,
509 3276 550 3319 ne
575 3257 636 3320 tali
660 3257 805 3324 ludibrio
829 3258 1048 3341 subjacerent.
1093 3256 1163 3321 Ubi
1191 3263 1242 3321 est

148 3359 232 3421 illud
255 3359 412 3425 horarum
427 3360 603 3425 delumine
618 3362 830 3440 venientium,
852 3361 1017 3443 singulare
1030 3360 1240 3435 miraculum,

148 3458 254 3522 sihas
275 3469 309 3525 et
333 3465 450 3527 umbra
464 3465 695 3530 demonstrati
730 3466 799 3530 Ubi
813 3463 1041 3548 praedicabilis
1066 3461 1237 3524 indefecta

146 3561 281 3637 rotatio,
296 3565 325 3626 si
340 3565 404 3628 hoc
419 3575 453 3630 et
467 3568 601 3632 metalla
620 3576 883 3651 peraguntque
898 3567 966 3631 situ
982 3568 1147 3646 perpetuo
1159 3578 1238 3622 eon-

147 3661 311 3726 tinenturl
357 3664 387 3727 0
408 3669 488 3730 artis
504 3669 749 3733 inaestimabilis
765 3668 879 3743 virtuS,
904 3662 1080 3747 quaedum
1101 3679 1137 3722 se
1157 3659 1239 3726 dicit

145 3762 270 3839 ludere,
296 3771 426 3830 naturae
447 3771 608 3849 praevalet
637 3776 764 3835 secreta
783 3768 926 3848 vulgare.
972 3761 1161 3826 Secundum
1180 3764 1236 3840 sit,

145 3866 204 3931 ubi
227 3869 344 3947 praeter
367 3866 457 3930 Solis
479 3870 591 3935 radios
614 3874 693 3936 hora
712 3869 927 3951 dignoscitur,
949 3870 1063 3929 noctes
1077 3864 1112 3926 in
1127 3871 1236 3948 partes

145 3967 319 4034 dividens:
344 3968 435 4050 quod
454 3978 491 4033 ut
508 3974 590 4038 nihii
612 3975 747 4037 deberet
771 3968 883 4046 astriS,
900 3969 1064 4033 rationem
1086 3968 1166 4032 coeli
1192 3969 1237 4034 ad

144 4089 303 4152 aquarum
319 4073 431 4157 potius
442 4072 566 4141 fluenta
576 4073 756 4142 convertit:
774 4090 912 4156 quorum
923 4072 1072 4138 motibus
1083 4072 1237 4149 ostendit,
