<?xml version="1.0" encoding="UTF-8"?>
<!DOCTYPE html PUBLIC "-//W3C//DTD XHTML 1.0 Transitional//EN"
    "http://www.w3.org/TR/xhtml1/DTD/xhtml1-transitional.dtd">
<html xmlns="http://www.w3.org/1999/xhtml" xml:lang="en" lang="en">
 <head>
  <title>
</title>
<meta http-equiv="Content-Type" content="text/html;charset=utf-8" />
  <meta name='ocr-system' content='tesseract 3.04.00' />
  <meta name='ocr-capabilities' content='ocr_page ocr_carea ocr_par ocr_line ocrx_word'/>
</head>
<body>
  <div class='ocr_page' id='page_1' title='image "aniciimanliitor02boetgoog_0057.png"; bbox 0 0 2790 4800; ppageno 0'>
   <div class='ocr_carea' id='block_1_1' title="bbox 357 277 1221 359">
    <p class='ocr_par' dir='ltr' id='par_1_1' title="bbox 357 277 1221 359">
     <span class='ocr_line' id='line_1_1' title="bbox 357 277 1221 359; baseline -0.005 -1"><span class='ocrx_word' id='word_1_1' title='bbox 357 311 405 358; x_wconf 84' lang='lat' dir='ltr'><strong>nn</strong></span> <span class='ocrx_word' id='word_1_2' title='bbox 430 307 590 359; x_wconf 79' lang='lat' dir='ltr'><strong>aearum</strong></span> <span class='ocrx_word' id='word_1_3' title='bbox 607 308 659 356; x_wconf 16' lang='lat' dir='ltr'><strong>,ur</strong></span> <span class='ocrx_word' id='word_1_4' title='bbox 677 307 773 357; x_wconf 78' lang='lat' dir='ltr'><strong>‚arus</strong></span> <span class='ocrx_word' id='word_1_5' title='bbox 798 306 977 358; x_wconf 74' lang='lat' dir='ltr'><strong>scarr&#39;rrs.</strong></span> <span class='ocrx_word' id='word_1_6' title='bbox 1125 277 1129 284; x_wconf 82' lang='grc'>’</span> <span class='ocrx_word' id='word_1_7' title='bbox 1177 290 1221 354; x_wconf 82' lang='grc'><strong>47</strong></span> 
     </span>
    </p>
   </div>
   <div class='ocr_carea' id='block_1_2' title="bbox 126 449 1218 842">
    <p class='ocr_par' dir='ltr' id='par_1_2' title="bbox 126 449 1218 739">
     <span class='ocr_line' id='line_1_2' title="bbox 127 449 1218 535; baseline -0.003 -18"><span class='ocrx_word' id='word_1_8' title='bbox 127 456 170 518; x_wconf 90' lang='lat' dir='ltr'><strong>ob</strong></span> <span class='ocrx_word' id='word_1_9' title='bbox 187 453 390 535; x_wconf 84' lang='lat' dir='ltr'><strong>exquisitam</strong></span> <span class='ocrx_word' id='word_1_10' title='bbox 410 453 651 518; x_wconf 87' lang='lat' dir='ltr'><strong>reconditarum</strong></span> <span class='ocrx_word' id='word_1_11' title='bbox 675 471 782 515; x_wconf 92' lang='lat' dir='ltr'><strong>rernm</strong></span> <span class='ocrx_word' id='word_1_12' title='bbox 801 453 976 516; x_wconf 89' lang='lat' dir='ltr'><strong>scientiam</strong></span> <span class='ocrx_word' id='word_1_13' title='bbox 993 449 1115 532; x_wconf 82' lang='lat' dir='ltr'><strong>Magus</strong></span> <span class='ocrx_word' id='word_1_14' title='bbox 1129 450 1218 515; x_wconf 84' lang='lat' dir='ltr'><strong>falso</strong></span> 
     </span>
     <span class='ocr_line' id='line_1_3' title="bbox 126 551 1218 638; baseline 0.002 -22"><span class='ocrx_word' id='word_1_15' title='bbox 126 564 180 617; x_wconf 92' lang='lat' dir='ltr'><strong>est</strong></span> <span class='ocrx_word' id='word_1_16' title='bbox 201 555 337 619; x_wconf 87' lang='lat' dir='ltr'><strong>habitus</strong></span> <span class='ocrx_word' id='word_1_17' title='bbox 360 557 403 619; x_wconf 90' lang='lat' dir='ltr'><strong>ah</strong></span> <span class='ocrx_word' id='word_1_18' title='bbox 426 556 600 638; x_wconf 85' lang='lat' dir='ltr'><strong>imperitis.</strong></span> <span class='ocrx_word' id='word_1_19' title='bbox 646 554 803 635; x_wconf 87' lang='lat' dir='ltr'><strong>Elogium</strong></span> <span class='ocrx_word' id='word_1_20' title='bbox 829 562 944 618; x_wconf 90' lang='lat' dir='ltr'><strong>autem</strong></span> <span class='ocrx_word' id='word_1_21' title='bbox 969 551 1054 615; x_wconf 87' lang='lat' dir='ltr'><strong>illud</strong></span> <span class='ocrx_word' id='word_1_22' title='bbox 1075 552 1127 617; x_wconf 91' lang='lat' dir='ltr'><strong>his</strong></span> <span class='ocrx_word' id='word_1_23' title='bbox 1146 573 1218 618; x_wconf 85' lang='lat' dir='ltr'><strong>ver-</strong></span> 
     </span>
     <span class='ocr_line' id='line_1_4' title="bbox 129 657 416 739; baseline 0 -19"><span class='ocrx_word' id='word_1_24' title='bbox 129 657 223 720; x_wconf 89' lang='lat' dir='ltr'><strong>sibus</strong></span> <span class='ocrx_word' id='word_1_25' title='bbox 239 659 416 739; x_wconf 86' lang='lat' dir='ltr'><strong>expressit,</strong></span> 
     </span>
    </p>

    <p class='ocr_par' dir='ltr' id='par_1_3' title="bbox 172 756 1114 842">
     <span class='ocr_line' id='line_1_5' title="bbox 172 756 1114 842; baseline -0.001 -22"><span class='ocrx_word' id='word_1_26' title='bbox 172 757 299 823; x_wconf 89' lang='lat' dir='ltr'><strong>‘Roma</strong></span> <span class='ocrx_word' id='word_1_27' title='bbox 313 758 449 842; x_wconf 55' lang='lat' dir='ltr'><strong>potens}</strong></span> <span class='ocrx_word' id='word_1_28' title='bbox 462 763 520 823; x_wconf 82' lang='lat' dir='ltr'><strong>&amp;o</strong></span> <span class='ocrx_word' id='word_1_29' title='bbox 534 760 616 840; x_wconf 91' lang='lat' dir='ltr'><strong>[vid.</strong></span> <span class='ocrx_word' id='word_1_30' title='bbox 632 759 768 823; x_wconf 85' lang='lat' dir='ltr'><strong>Praefat.</strong></span> <span class='ocrx_word' id='word_1_31' title='bbox 784 759 890 822; x_wconf 91' lang='lat' dir='ltr'><strong>Bertii</strong></span> <span class='ocrx_word' id='word_1_32' title='bbox 902 778 977 839; x_wconf 91' lang='lat' dir='ltr'><strong>sup.</strong></span> <span class='ocrx_word' id='word_1_33' title='bbox 993 779 1029 839; x_wconf 84' lang='lat' dir='ltr'><strong>p.</strong></span> <span class='ocrx_word' id='word_1_34' title='bbox 1047 756 1114 833; x_wconf 70' lang='grc'><strong>20]</strong></span> 
     </span>
    </p>
   </div>
   <div class='ocr_carea' id='block_1_3' title="bbox 363 965 972 1043">
    <p class='ocr_par' dir='ltr' id='par_1_4' title="bbox 363 965 972 1043">
     <span class='ocr_line' id='line_1_6' title="bbox 363 965 972 1043; baseline -0.008 -10"><span class='ocrx_word' id='word_1_35' title='bbox 363 966 669 1033; x_wconf 86' lang='lat' dir='ltr'><strong>UNDEGIMUM</strong></span> <span class='ocrx_word' id='word_1_36' title='bbox 709 965 972 1043; x_wconf 81' lang='lat' dir='ltr'>SAECULUM3</span> 
     </span>
    </p>
   </div>
   <div class='ocr_carea' id='block_1_4' title="bbox 337 1150 1019 1247">
    <p class='ocr_par' dir='ltr' id='par_1_5' title="bbox 337 1150 1019 1247">
     <span class='ocr_line' id='line_1_7' title="bbox 337 1150 1019 1247; baseline -0.001 -32"><span class='ocrx_word' id='word_1_37' title='bbox 337 1152 503 1216; x_wconf 89' lang='lat' dir='ltr'><strong>Nimirum</strong></span> <span class='ocrx_word' id='word_1_38' title='bbox 518 1152 561 1215; x_wconf 91' lang='lat' dir='ltr'><strong>ah</strong></span> <span class='ocrx_word' id='word_1_39' title='bbox 578 1171 665 1216; x_wconf 90' lang='lat' dir='ltr'><strong>anno</strong></span> <span class='ocrx_word' id='word_1_40' title='bbox 679 1151 776 1214; x_wconf 96' lang='grc'>1000.</span> <span class='ocrx_word' id='word_1_41' title='bbox 796 1150 842 1247; x_wconf 84' lang='grc'><strong>00</strong></span> <span class='ocrx_word' id='word_1_42' title='bbox 856 1169 909 1212; x_wconf 89' lang='lat' dir='ltr'><strong>an.</strong></span> <span class='ocrx_word' id='word_1_43' title='bbox 924 1150 1019 1214; x_wconf 92' lang='grc'>1100.</span> 
     </span>
    </p>
   </div>
   <div class='ocr_carea' id='block_1_5' title="bbox 665 1285 695 1348">
    <p class='ocr_par' dir='ltr' id='par_1_6' title="bbox 665 1285 695 1348">
     <span class='ocr_line' id='line_1_8' title="bbox 665 1285 695 1348; baseline 0 0"><span class='ocrx_word' id='word_1_44' title='bbox 665 1285 695 1348; x_wconf 94' lang='grc' dir='ltr'><strong>Ι.</strong></span> 
     </span>
    </p>
   </div>
   <div class='ocr_carea' id='block_1_6' title="bbox 128 1403 1230 3594">
    <p class='ocr_par' dir='ltr' id='par_1_7' title="bbox 128 1403 1230 3594">
     <span class='ocr_line' id='line_1_9' title="bbox 174 1403 1221 1487; baseline 0.001 -18"><span class='ocrx_word' id='word_1_45' title='bbox 174 1405 363 1487; x_wconf 83' lang='lat' dir='ltr'><strong>Sigebertus</strong></span> <span class='ocrx_word' id='word_1_46' title='bbox 397 1403 587 1470; x_wconf 85' lang='lat' dir='ltr'><strong>Monachus</strong></span> <span class='ocrx_word' id='word_1_47' title='bbox 612 1404 880 1480; x_wconf 88' lang='lat' dir='ltr'><strong>Gemblacensis,</strong></span> <span class='ocrx_word' id='word_1_48' title='bbox 908 1403 1033 1466; x_wconf 84' lang='lat' dir='ltr'><strong>ordinis</strong></span> <span class='ocrx_word' id='word_1_49' title='bbox 1054 1403 1089 1468; x_wconf 88' lang='lat' dir='ltr'><strong>S.</strong></span> <span class='ocrx_word' id='word_1_50' title='bbox 1110 1405 1221 1471; x_wconf 85' lang='lat' dir='ltr'><strong>Bene·</strong></span> 
     </span>
     <span class='ocr_line' id='line_1_10' title="bbox 131 1505 1222 1587; baseline -0.001 -18"><span class='ocrx_word' id='word_1_51' title='bbox 131 1506 223 1584; x_wconf 90' lang='lat' dir='ltr'><strong>dicti,</strong></span> <span class='ocrx_word' id='word_1_52' title='bbox 239 1506 296 1587; x_wconf 91' lang='lat' dir='ltr'><strong>qui</strong></span> <span class='ocrx_word' id='word_1_53' title='bbox 310 1506 397 1568; x_wconf 92' lang='lat' dir='ltr'><strong>inter</strong></span> <span class='ocrx_word' id='word_1_54' title='bbox 411 1505 591 1571; x_wconf 86' lang='lat' dir='ltr'><strong>historicos</strong></span> <span class='ocrx_word' id='word_1_55' title='bbox 607 1525 675 1568; x_wconf 93' lang='lat' dir='ltr'><strong>non</strong></span> <span class='ocrx_word' id='word_1_56' title='bbox 692 1505 844 1568; x_wconf 91' lang='lat' dir='ltr'><strong>ultimum</strong></span> <span class='ocrx_word' id='word_1_57' title='bbox 857 1505 971 1569; x_wconf 89' lang='lat' dir='ltr'><strong>locum</strong></span> <span class='ocrx_word' id='word_1_58' title='bbox 986 1505 1097 1582; x_wconf 89' lang='lat' dir='ltr'><strong>hahet,</strong></span> <span class='ocrx_word' id='word_1_59' title='bbox 1109 1507 1143 1568; x_wconf 88' lang='lat' dir='ltr'><strong>in</strong></span> <span class='ocrx_word' id='word_1_60' title='bbox 1159 1527 1222 1569; x_wconf 92' lang='lat' dir='ltr'><strong>suo</strong></span> 
     </span>
     <span class='ocr_line' id='line_1_11' title="bbox 130 1606 1223 1690; baseline -0.002 -20"><span class='ocrx_word' id='word_1_61' title='bbox 130 1607 171 1670; x_wconf 91' lang='lat' dir='ltr'><strong>de</strong></span> <span class='ocrx_word' id='word_1_62' title='bbox 193 1607 422 1689; x_wconf 88' lang='lat' dir='ltr'><strong>Scriptoribus</strong></span> <span class='ocrx_word' id='word_1_63' title='bbox 445 1607 637 1672; x_wconf 86' lang='lat' dir='ltr'><strong>Illustrihus</strong></span> <span class='ocrx_word' id='word_1_64' title='bbox 658 1626 770 1690; x_wconf 90' lang='lat' dir='ltr'><strong>opere,</strong></span> <span class='ocrx_word' id='word_1_65' title='bbox 794 1606 933 1682; x_wconf 89' lang='lat' dir='ltr'><strong>dubitat,</strong></span> <span class='ocrx_word' id='word_1_66' title='bbox 955 1626 1034 1669; x_wconf 91' lang='lat' dir='ltr'><strong>num</strong></span> <span class='ocrx_word' id='word_1_67' title='bbox 1059 1606 1223 1670; x_wconf 72' lang='lat' dir='ltr'><strong>Boethius</strong></span> 
     </span>
     <span class='ocr_line' id='line_1_12' title="bbox 129 1707 1225 1791; baseline -0.003 -19"><span class='ocrx_word' id='word_1_68' title='bbox 129 1708 359 1785; x_wconf 87' lang='lat' dir='ltr'><strong>conferendus,</strong></span> <span class='ocrx_word' id='word_1_69' title='bbox 375 1707 658 1791; x_wconf 77' lang='lat' dir='ltr'><strong>an&#39;praeferendus</strong></span> <span class='ocrx_word' id='word_1_70' title='bbox 671 1708 885 1790; x_wconf 89' lang='lat' dir='ltr'><strong>philosophis</strong></span> <span class='ocrx_word' id='word_1_71' title='bbox 905 1715 938 1772; x_wconf 89' lang='lat' dir='ltr'><strong>et</strong></span> <span class='ocrx_word' id='word_1_72' title='bbox 953 1709 1173 1771; x_wconf 87' lang='lat' dir='ltr'><strong>saecularibus</strong></span> <span class='ocrx_word' id='word_1_73' title='bbox 1189 1714 1225 1769; x_wconf 92' lang='lat' dir='ltr'><strong>et</strong></span> 
     </span>
     <span class='ocr_line' id='line_1_13' title="bbox 128 1809 1223 1890; baseline -0.001 -17"><span class='ocrx_word' id='word_1_74' title='bbox 128 1810 391 1874; x_wconf 90' lang='lat' dir='ltr'><strong>Ecclesiastiois.</strong></span> <span class='ocrx_word' id='word_1_75' title='bbox 422 1809 628 1884; x_wconf 58' lang='lat' dir='ltr'><strong>‘Bo&#39;ethiusj</strong></span> <span class='ocrx_word' id='word_1_76' title='bbox 652 1809 847 1890; x_wconf 89' lang='lat' dir='ltr'><strong>inquitcap.</strong></span> <span class='ocrx_word' id='word_1_77' title='bbox 863 1809 915 1872; x_wconf 84' lang='lat'><strong>37.</strong></span> <span class='ocrx_word' id='word_1_78' title='bbox 940 1810 1013 1872; x_wconf 90' lang='lat' dir='ltr'><strong>‘vir</strong></span> <span class='ocrx_word' id='word_1_79' title='bbox 1027 1809 1223 1885; x_wconf 62' lang='lat' dir='ltr'><strong>consularia</strong></span> 
     </span>
     <span class='ocr_line' id='line_1_14' title="bbox 129 1908 1223 1992; baseline 0.002 -19"><span class='ocrx_word' id='word_1_80' title='bbox 129 1910 361 1985; x_wconf 69' lang='lat' dir='ltr'><strong>conferendus</strong></span> <span class='ocrx_word' id='word_1_81' title='bbox 384 1910 438 1972; x_wconf 91' lang='lat' dir='ltr'><strong>vel</strong></span> <span class='ocrx_word' id='word_1_82' title='bbox 463 1908 690 1990; x_wconf 86' lang='lat' dir='ltr'><strong>praeferendus</strong></span> <span class='ocrx_word' id='word_1_83' title='bbox 713 1909 923 1992; x_wconf 91' lang='lat' dir='ltr'><strong>philosophis</strong></span> <span class='ocrx_word' id='word_1_84' title='bbox 947 1919 978 1974; x_wconf 89' lang='lat' dir='ltr'><strong>et</strong></span> <span class='ocrx_word' id='word_1_85' title='bbox 1001 1911 1223 1975; x_wconf 87' lang='lat' dir='ltr'><strong>saecularibus</strong></span> 
     </span>
     <span class='ocr_line' id='line_1_15' title="bbox 131 2010 1224 2094; baseline 0.003 -21"><span class='ocrx_word' id='word_1_86' title='bbox 131 2018 166 2073; x_wconf 91' lang='lat' dir='ltr'><strong>et</strong></span> <span class='ocrx_word' id='word_1_87' title='bbox 181 2010 448 2089; x_wconf 81' lang='lat' dir='ltr'><strong>Ecclesiasticis3</strong></span> <span class='ocrx_word' id='word_1_88' title='bbox 471 2011 552 2093; x_wconf 91' lang='lat' dir='ltr'><strong>quia</strong></span> <span class='ocrx_word' id='word_1_89' title='bbox 576 2031 637 2074; x_wconf 91' lang='lat' dir='ltr'><strong>nos</strong></span> <span class='ocrx_word' id='word_1_90' title='bbox 661 2012 834 2094; x_wconf 86' lang='lat' dir='ltr'><strong>ambiguos</strong></span> <span class='ocrx_word' id='word_1_91' title='bbox 861 2033 935 2076; x_wconf 89' lang='lat' dir='ltr'><strong>esse</strong></span> <span class='ocrx_word' id='word_1_92' title='bbox 956 2013 1048 2090; x_wconf 88' lang='lat' dir='ltr'><strong>facit,</strong></span> <span class='ocrx_word' id='word_1_93' title='bbox 1074 2032 1116 2076; x_wconf 91' lang='lat' dir='ltr'><strong>au</strong></span> <span class='ocrx_word' id='word_1_94' title='bbox 1137 2015 1224 2077; x_wconf 90' lang='lat' dir='ltr'><strong>inter</strong></span> 
     </span>
     <span class='ocr_line' id='line_1_16' title="bbox 131 2111 1223 2197; baseline 0.003 -24"><span class='ocrx_word' id='word_1_95' title='bbox 131 2111 322 2188; x_wconf 74' lang='lat' dir='ltr'><strong>saeculares,</strong></span> <span class='ocrx_word' id='word_1_96' title='bbox 335 2131 376 2175; x_wconf 89' lang='lat' dir='ltr'><strong>an</strong></span> <span class='ocrx_word' id='word_1_97' title='bbox 385 2112 467 2176; x_wconf 91' lang='lat' dir='ltr'><strong>inter</strong></span> <span class='ocrx_word' id='word_1_98' title='bbox 477 2113 735 2178; x_wconf 82' lang='lat' dir='ltr'><strong>Ecclesiasticus</strong></span> <span class='ocrx_word' id='word_1_99' title='bbox 747 2115 923 2197; x_wconf 85' lang='lat' dir='ltr'><strong>scriptores</strong></span> <span class='ocrx_word' id='word_1_100' title='bbox 933 2115 1033 2179; x_wconf 83' lang='lat' dir='ltr'><strong>fuerit</strong></span> <span class='ocrx_word' id='word_1_101' title='bbox 1044 2115 1223 2179; x_wconf 78' lang='lat' dir='ltr'><strong>illustriori</strong></span> 
     </span>
     <span class='ocr_line' id='line_1_17' title="bbox 132 2214 1226 2298; baseline 0.001 -21"><span class='ocrx_word' id='word_1_102' title='bbox 132 2214 289 2277; x_wconf 82' lang='lat' dir='ltr'><strong>Laudent</strong></span> <span class='ocrx_word' id='word_1_103' title='bbox 305 2234 382 2278; x_wconf 87' lang='lat' dir='ltr'><strong>eum</strong></span> <span class='ocrx_word' id='word_1_104' title='bbox 398 2217 591 2293; x_wconf 72' lang='lat' dir='ltr'><strong>saeculares,</strong></span> <span class='ocrx_word' id='word_1_105' title='bbox 603 2217 693 2298; x_wconf 91' lang='lat' dir='ltr'><strong>quod</strong></span> <span class='ocrx_word' id='word_1_106' title='bbox 708 2217 884 2298; x_wconf 86' lang='lat' dir='ltr'><strong>Isagogas,</strong></span> <span class='ocrx_word' id='word_1_107' title='bbox 900 2217 992 2298; x_wconf 93' lang='lat' dir='ltr'><strong>quod</strong></span> <span class='ocrx_word' id='word_1_108' title='bbox 1008 2216 1087 2278; x_wconf 92' lang='lat' dir='ltr'><strong>Peri</strong></span> <span class='ocrx_word' id='word_1_109' title='bbox 1099 2217 1226 2278; x_wconf 88' lang='lat' dir='ltr'><strong>herme·</strong></span> 
     </span>
     <span class='ocr_line' id='line_1_18' title="bbox 131 2315 1225 2398; baseline -0.003 -20"><span class='ocrx_word' id='word_1_110' title='bbox 131 2316 218 2390; x_wconf 80' lang='lat' dir='ltr'><strong>niaS,</strong></span> <span class='ocrx_word' id='word_1_111' title='bbox 235 2315 324 2397; x_wconf 90' lang='lat' dir='ltr'><strong>quod</strong></span> <span class='ocrx_word' id='word_1_112' title='bbox 339 2315 534 2398; x_wconf 82' lang='lat' dir='ltr'><strong>Categorias</strong></span> <span class='ocrx_word' id='word_1_113' title='bbox 546 2319 748 2381; x_wconf 86' lang='lat' dir='ltr'><strong>transtulerit</strong></span> <span class='ocrx_word' id='word_1_114' title='bbox 763 2318 804 2379; x_wconf 91' lang='lat' dir='ltr'><strong>de</strong></span> <span class='ocrx_word' id='word_1_115' title='bbox 818 2317 940 2380; x_wconf 86' lang='lat' dir='ltr'><strong>Graeco</strong></span> <span class='ocrx_word' id='word_1_116' title='bbox 956 2319 989 2378; x_wconf 94' lang='lat' dir='ltr'><strong>in</strong></span> <span class='ocrx_word' id='word_1_117' title='bbox 1004 2316 1173 2390; x_wconf 84' lang='lat' dir='ltr'><strong>Latinum,</strong></span> <span class='ocrx_word' id='word_1_118' title='bbox 1189 2322 1225 2376; x_wconf 90' lang='lat' dir='ltr'><strong>et</strong></span> 
     </span>
     <span class='ocr_line' id='line_1_19' title="bbox 133 2414 1227 2497; baseline -0.002 -19"><span class='ocrx_word' id='word_1_119' title='bbox 133 2419 353 2497; x_wconf 82' lang='lat' dir='ltr'><strong>exposuerit3</strong></span> <span class='ocrx_word' id='word_1_120' title='bbox 397 2417 488 2497; x_wconf 89' lang='lat' dir='ltr'><strong>quod</strong></span> <span class='ocrx_word' id='word_1_121' title='bbox 518 2418 650 2497; x_wconf 88' lang='lat' dir='ltr'><strong>Topica</strong></span> <span class='ocrx_word' id='word_1_122' title='bbox 689 2416 862 2479; x_wconf 84' lang='lat' dir='ltr'><strong>Ciceronis</strong></span> <span class='ocrx_word' id='word_1_123' title='bbox 900 2414 1105 2496; x_wconf 82' lang='lat' dir='ltr'><strong>exposuerit,</strong></span> <span class='ocrx_word' id='word_1_124' title='bbox 1136 2414 1227 2495; x_wconf 91' lang='lat' dir='ltr'><strong>quod</strong></span> 
     </span>
     <span class='ocr_line' id='line_1_20' title="bbox 133 2513 1228 2600; baseline -0.005 -20"><span class='ocrx_word' id='word_1_125' title='bbox 133 2517 486 2600; x_wconf 77' lang='lat' dir='ltr'><strong>antepraedicamenta,</strong></span> <span class='ocrx_word' id='word_1_126' title='bbox 504 2517 594 2598; x_wconf 91' lang='lat' dir='ltr'><strong>quod</strong></span> <span class='ocrx_word' id='word_1_127' title='bbox 609 2517 714 2580; x_wconf 92' lang='lat' dir='ltr'><strong>lihros</strong></span> <span class='ocrx_word' id='word_1_128' title='bbox 740 2514 782 2579; x_wconf 91' lang='lat' dir='ltr'><strong>de</strong></span> <span class='ocrx_word' id='word_1_129' title='bbox 808 2515 932 2598; x_wconf 89' lang='lat' dir='ltr'><strong>topicis</strong></span> <span class='ocrx_word' id='word_1_130' title='bbox 957 2514 1162 2590; x_wconf 61' lang='lat' dir='ltr'><strong>differentiis</strong></span> <span class='ocrx_word' id='word_1_131' title='bbox 1187 2513 1228 2576; x_wconf 91' lang='lat' dir='ltr'><strong>de</strong></span> 
     </span>
     <span class='ocr_line' id='line_1_21' title="bbox 132 2616 1227 2701; baseline -0.002 -20"><span class='ocrx_word' id='word_1_132' title='bbox 132 2621 319 2701; x_wconf 86' lang='lat' dir='ltr'><strong>cognitione</strong></span> <span class='ocrx_word' id='word_1_133' title='bbox 343 2621 542 2684; x_wconf 91' lang='lat' dir='ltr'><strong>Dialecticae</strong></span> <span class='ocrx_word' id='word_1_134' title='bbox 567 2625 600 2683; x_wconf 92' lang='lat' dir='ltr'><strong>et</strong></span> <span class='ocrx_word' id='word_1_135' title='bbox 625 2619 833 2695; x_wconf 86' lang='lat' dir='ltr'><strong>Rhetoricae,</strong></span> <span class='ocrx_word' id='word_1_136' title='bbox 859 2625 894 2680; x_wconf 90' lang='lat' dir='ltr'><strong>et</strong></span> <span class='ocrx_word' id='word_1_137' title='bbox 915 2617 1130 2680; x_wconf 88' lang='lat' dir='ltr'><strong>distinctione</strong></span> <span class='ocrx_word' id='word_1_138' title='bbox 1153 2616 1227 2679; x_wconf 91' lang='lat' dir='ltr'><strong>rhe-</strong></span> 
     </span>
     <span class='ocr_line' id='line_1_22' title="bbox 132 2717 1225 2800; baseline -0.005 -17"><span class='ocrx_word' id='word_1_139' title='bbox 132 2722 311 2785; x_wconf 90' lang='lat' dir='ltr'><strong>toricorum</strong></span> <span class='ocrx_word' id='word_1_140' title='bbox 342 2723 503 2799; x_wconf 90' lang='lat' dir='ltr'><strong>locorum,</strong></span> <span class='ocrx_word' id='word_1_141' title='bbox 531 2722 572 2784; x_wconf 94' lang='lat' dir='ltr'><strong>de</strong></span> <span class='ocrx_word' id='word_1_142' title='bbox 593 2721 759 2785; x_wconf 90' lang='lat' dir='ltr'><strong>communi</strong></span> <span class='ocrx_word' id='word_1_143' title='bbox 780 2719 1022 2800; x_wconf 88' lang='lat' dir='ltr'><strong>praedieatione</strong></span> <span class='ocrx_word' id='word_1_144' title='bbox 1044 2717 1225 2799; x_wconf 89' lang='lat' dir='ltr'><strong>potestatis</strong></span> 
     </span>
     <span class='ocr_line' id='line_1_23' title="bbox 133 2821 1225 2905; baseline -0.002 -21"><span class='ocrx_word' id='word_1_145' title='bbox 133 2831 167 2885; x_wconf 90' lang='lat' dir='ltr'><strong>et</strong></span> <span class='ocrx_word' id='word_1_146' title='bbox 181 2825 428 2905; x_wconf 61' lang='lat' dir='ltr'><strong>possibilitatis</strong></span> <span class='ocrx_word' id='word_1_147' title='bbox 444 2824 485 2887; x_wconf 92' lang='lat' dir='ltr'><strong>de</strong></span> <span class='ocrx_word' id='word_1_148' title='bbox 497 2824 705 2904; x_wconf 75' lang='lat' dir='ltr'><strong>categoricis</strong></span> <span class='ocrx_word' id='word_1_149' title='bbox 715 2821 1003 2903; x_wconf 90' lang='lat' dir='ltr'><strong>et·Hyp0theticis</strong></span> <span class='ocrx_word' id='word_1_150' title='bbox 1015 2821 1225 2903; x_wconf 87' lang='lat' dir='ltr'><strong>Syllogismis</strong></span> 
     </span>
     <span class='ocr_line' id='line_1_24' title="bbox 132 2919 1228 3003; baseline 0.003 -21"><span class='ocrx_word' id='word_1_151' title='bbox 132 2922 245 2998; x_wconf 67' lang='lat' dir='ltr'><strong>libros</strong></span> <span class='ocrx_word' id='word_1_152' title='bbox 260 2931 295 2985; x_wconf 91' lang='lat' dir='ltr'><strong>et</strong></span> <span class='ocrx_word' id='word_1_153' title='bbox 310 2924 377 2985; x_wconf 87' lang='lat' dir='ltr'><strong>alia</strong></span> <span class='ocrx_word' id='word_1_154' title='bbox 392 2924 496 2985; x_wconf 87' lang='lat' dir='ltr'><strong>multa</strong></span> <span class='ocrx_word' id='word_1_155' title='bbox 512 2924 698 3002; x_wconf 89' lang='lat' dir='ltr'><strong>scripserit,</strong></span> <span class='ocrx_word' id='word_1_156' title='bbox 725 2921 817 3003; x_wconf 91' lang='lat' dir='ltr'><strong>quod</strong></span> <span class='ocrx_word' id='word_1_157' title='bbox 840 2919 1088 2986; x_wconf 84' lang='lat' dir='ltr'><strong>Arithmeticam</strong></span> <span class='ocrx_word' id='word_1_158' title='bbox 1104 2929 1136 2986; x_wconf 91' lang='lat' dir='ltr'><strong>et</strong></span> <span class='ocrx_word' id='word_1_159' title='bbox 1152 2921 1228 2985; x_wconf 91' lang='lat' dir='ltr'><strong>Mu·</strong></span> 
     </span>
     <span class='ocr_line' id='line_1_25' title="bbox 135 3021 1226 3102; baseline 0.002 -19"><span class='ocrx_word' id='word_1_160' title='bbox 135 3022 241 3084; x_wconf 88' lang='lat' dir='ltr'><strong>sicam</strong></span> <span class='ocrx_word' id='word_1_161' title='bbox 257 3021 385 3083; x_wconf 89' lang='lat' dir='ltr'><strong>Latinis</strong></span> <span class='ocrx_word' id='word_1_162' title='bbox 402 3022 580 3102; x_wconf 87' lang='lat' dir='ltr'><strong>scripserit.</strong></span> <span class='ocrx_word' id='word_1_163' title='bbox 613 3021 688 3085; x_wconf 91' lang='lat' dir='ltr'><strong>Nos</strong></span> <span class='ocrx_word' id='word_1_164' title='bbox 702 3021 933 3086; x_wconf 88' lang='lat' dir='ltr'><strong>Ecclesiastici</strong></span> <span class='ocrx_word' id='word_1_165' title='bbox 947 3023 1125 3088; x_wconf 87' lang='lat' dir='ltr'><strong>laudamus</strong></span> <span class='ocrx_word' id='word_1_166' title='bbox 1140 3043 1226 3098; x_wconf 92' lang='lat' dir='ltr'><strong>eum,</strong></span> 
     </span>
     <span class='ocr_line' id='line_1_26' title="bbox 135 3121 1230 3207; baseline -0.002 -23"><span class='ocrx_word' id='word_1_167' title='bbox 135 3122 229 3203; x_wconf 92' lang='lat' dir='ltr'><strong>quod</strong></span> <span class='ocrx_word' id='word_1_168' title='bbox 244 3123 362 3185; x_wconf 91' lang='lat' dir='ltr'><strong>librum</strong></span> <span class='ocrx_word' id='word_1_169' title='bbox 378 3123 419 3185; x_wconf 91' lang='lat' dir='ltr'><strong>de</strong></span> <span class='ocrx_word' id='word_1_170' title='bbox 432 3123 557 3185; x_wconf 86' lang='lat' dir='ltr'><strong>Sancta</strong></span> <span class='ocrx_word' id='word_1_171' title='bbox 571 3121 734 3186; x_wconf 87' lang='lat' dir='ltr'><strong>Trinitate</strong></span> <span class='ocrx_word' id='word_1_172' title='bbox 756 3124 937 3206; x_wconf 89' lang='lat' dir='ltr'><strong>scripserit,</strong></span> <span class='ocrx_word' id='word_1_173' title='bbox 962 3123 1053 3207; x_wconf 90' lang='lat' dir='ltr'><strong>quod</strong></span> <span class='ocrx_word' id='word_1_174' title='bbox 1071 3122 1230 3184; x_wconf 86' lang='lat' dir='ltr'><strong>exiliatus</strong></span> 
     </span>
     <span class='ocr_line' id='line_1_27' title="bbox 136 3219 1230 3307; baseline -0.002 -23"><span class='ocrx_word' id='word_1_175' title='bbox 136 3243 158 3284; x_wconf 88' lang='lat' dir='ltr'><strong>a</strong></span> <span class='ocrx_word' id='word_1_176' title='bbox 182 3222 390 3286; x_wconf 85' lang='lat' dir='ltr'><strong>Theodorico</strong></span> <span class='ocrx_word' id='word_1_177' title='bbox 417 3223 604 3287; x_wconf 86' lang='lat' dir='ltr'><strong>Gothorum</strong></span> <span class='ocrx_word' id='word_1_178' title='bbox 634 3231 665 3287; x_wconf 91' lang='lat' dir='ltr'><strong>et</strong></span> <span class='ocrx_word' id='word_1_179' title='bbox 691 3225 853 3289; x_wconf 88' lang='lat' dir='ltr'><strong>Italorum</strong></span> <span class='ocrx_word' id='word_1_180' title='bbox 870 3226 972 3307; x_wconf 82' lang='lat' dir='ltr'><strong>Rege,</strong></span> <span class='ocrx_word' id='word_1_181' title='bbox 997 3244 1058 3306; x_wconf 89' lang='lat' dir='ltr'><strong>pro</strong></span> <span class='ocrx_word' id='word_1_182' title='bbox 1074 3240 1115 3283; x_wconf 93' lang='lat' dir='ltr'><strong>eo</strong></span> <span class='ocrx_word' id='word_1_183' title='bbox 1139 3219 1230 3303; x_wconf 91' lang='lat' dir='ltr'><strong>quod</strong></span> 
     </span>
     <span class='ocr_line' id='line_1_28' title="bbox 136 3322 1230 3405; baseline 0 -20"><span class='ocrx_word' id='word_1_184' title='bbox 136 3326 224 3388; x_wconf 89' lang='lat' dir='ltr'><strong>tueri</strong></span> <span class='ocrx_word' id='word_1_185' title='bbox 239 3325 372 3388; x_wconf 88' lang='lat' dir='ltr'><strong>volebat</strong></span> <span class='ocrx_word' id='word_1_186' title='bbox 384 3327 572 3390; x_wconf 89' lang='lat' dir='ltr'><strong>libertatem</strong></span> <span class='ocrx_word' id='word_1_187' title='bbox 600 3327 762 3390; x_wconf 90' lang='lat' dir='ltr'><strong>Romanae</strong></span> <span class='ocrx_word' id='word_1_188' title='bbox 777 3328 879 3401; x_wconf 80' lang='lat' dir='ltr'><strong>urhiS,</strong></span> <span class='ocrx_word' id='word_1_189' title='bbox 903 3324 1039 3405; x_wconf 87' lang='lat' dir='ltr'><strong>scripsit</strong></span> <span class='ocrx_word' id='word_1_190' title='bbox 1057 3322 1173 3385; x_wconf 88' lang='lat' dir='ltr'><strong>librum</strong></span> <span class='ocrx_word' id='word_1_191' title='bbox 1190 3323 1230 3386; x_wconf 91' lang='lat' dir='ltr'><strong>de</strong></span> 
     </span>
     <span class='ocr_line' id='line_1_29' title="bbox 137 3422 1229 3510; baseline 0.002 -22"><span class='ocrx_word' id='word_1_192' title='bbox 137 3422 372 3488; x_wconf 88' lang='lat' dir='ltr'><strong>Consolatione</strong></span> <span class='ocrx_word' id='word_1_193' title='bbox 389 3425 628 3510; x_wconf 87' lang='lat' dir='ltr'><strong>Philosophiae.</strong></span> <span class='ocrx_word' id='word_1_194' title='bbox 674 3428 745 3491; x_wconf 91' lang='lat' dir='ltr'><strong>Hic</strong></span> <span class='ocrx_word' id='word_1_195' title='bbox 762 3425 936 3489; x_wconf 87' lang='lat' dir='ltr'><strong>abeodem</strong></span> <span class='ocrx_word' id='word_1_196' title='bbox 960 3424 1054 3506; x_wconf 82' lang='lat' dir='ltr'><strong>Rege</strong></span> <span class='ocrx_word' id='word_1_197' title='bbox 1079 3424 1229 3490; x_wconf 87' lang='lat' dir='ltr'><strong>Theodo-</strong></span> 
     </span>
     <span class='ocr_line' id='line_1_30' title="bbox 136 3529 1187 3594; baseline -0.001 -3"><span class='ocrx_word' id='word_1_198' title='bbox 136 3529 205 3592; x_wconf 91' lang='lat' dir='ltr'><strong>rico</strong></span> <span class='ocrx_word' id='word_1_199' title='bbox 221 3529 354 3594; x_wconf 88' lang='lat' dir='ltr'><strong>occisus</strong></span> <span class='ocrx_word' id='word_1_200' title='bbox 369 3534 430 3593; x_wconf 87' lang='lat' dir='ltr'><strong>est.</strong></span> <span class='ocrx_word' id='word_1_201' title='bbox 1185 3532 1187 3536; x_wconf 83' lang='lat'>&#39;</span> 
     </span>
    </p>
   </div>
   <div class='ocr_carea' id='block_1_7' title="bbox 662 3663 710 3728">
    <p class='ocr_par' dir='ltr' id='par_1_8' title="bbox 662 3663 710 3728">
     <span class='ocr_line' id='line_1_31' title="bbox 662 3663 710 3728; baseline -0.042 -1"><span class='ocrx_word' id='word_1_202' title='bbox 662 3663 710 3728; x_wconf 89' lang='lat' dir='ltr'><strong>Il.</strong></span> 
     </span>
    </p>
   </div>
   <div class='ocr_carea' id='block_1_8' title="bbox 141 3776 1233 4164">
    <p class='ocr_par' dir='ltr' id='par_1_9' title="bbox 141 3776 1233 4164">
     <span class='ocr_line' id='line_1_32' title="bbox 168 3776 1229 3871; baseline 0.005 -29"><span class='ocrx_word' id='word_1_203' title='bbox 168 3780 337 3844; x_wconf 88' lang='lat' dir='ltr'><strong>Honorius</strong></span> <span class='ocrx_word' id='word_1_204' title='bbox 352 3776 667 3860; x_wconf 85' lang='lat' dir='ltr'><strong>Augustodunensis</strong></span> <span class='ocrx_word' id='word_1_205' title='bbox 684 3781 847 3849; x_wconf 88' lang='lat' dir='ltr'><strong>Ecclesiae</strong></span> <span class='ocrx_word' id='word_1_206' title='bbox 865 3784 1045 3871; x_wconf 88' lang='lat' dir='ltr'><strong>Presbyter</strong></span> <span class='ocrx_word' id='word_1_207' title='bbox 1060 3789 1094 3851; x_wconf 93' lang='lat' dir='ltr'><strong>in</strong></span> <span class='ocrx_word' id='word_1_208' title='bbox 1106 3787 1229 3851; x_wconf 86' lang='lat' dir='ltr'><strong>Chron.</strong></span> 
     </span>
     <span class='ocr_line' id='line_1_33' title="bbox 141 3881 1233 3970; baseline 0.001 -28"><span class='ocrx_word' id='word_1_209' title='bbox 141 3881 346 3958; x_wconf 60' lang='lat' dir='ltr'><strong>‘Boethiusj</strong></span> <span class='ocrx_word' id='word_1_210' title='bbox 370 3883 430 3957; x_wconf 91' lang='lat' dir='ltr'><strong>ait,</strong></span> <span class='ocrx_word' id='word_1_211' title='bbox 455 3881 648 3948; x_wconf 88' lang='lat' dir='ltr'><strong>‘Patricius</strong></span> <span class='ocrx_word' id='word_1_212' title='bbox 670 3886 722 3948; x_wconf 86' lang='lat' dir='ltr'><strong>vel</strong></span> <span class='ocrx_word' id='word_1_213' title='bbox 748 3884 873 3951; x_wconf 88' lang='lat' dir='ltr'><strong>Consul</strong></span> <span class='ocrx_word' id='word_1_214' title='bbox 897 3890 1033 3970; x_wconf 90' lang='lat' dir='ltr'><strong>scripsit</strong></span> <span class='ocrx_word' id='word_1_215' title='bbox 1054 3890 1176 3951; x_wconf 91' lang='lat' dir='ltr'><strong>librum</strong></span> <span class='ocrx_word' id='word_1_216' title='bbox 1191 3884 1233 3944; x_wconf 90' lang='lat' dir='ltr'><strong>de</strong></span> 
     </span>
     <span class='ocr_line' id='line_1_34' title="bbox 141 3979 1233 4066; baseline 0.001 -26"><span class='ocrx_word' id='word_1_217' title='bbox 141 3979 266 4042; x_wconf 87' lang='lat' dir='ltr'><strong>Sancta</strong></span> <span class='ocrx_word' id='word_1_218' title='bbox 278 3982 453 4058; x_wconf 88' lang='lat' dir='ltr'><strong>Trinitate,</strong></span> <span class='ocrx_word' id='word_1_219' title='bbox 477 3992 509 4047; x_wconf 87' lang='lat' dir='ltr'><strong>et</strong></span> <span class='ocrx_word' id='word_1_220' title='bbox 523 3986 624 4049; x_wconf 88' lang='lat' dir='ltr'><strong>alium</strong></span> <span class='ocrx_word' id='word_1_221' title='bbox 647 3986 688 4049; x_wconf 92' lang='lat' dir='ltr'><strong>de</strong></span> <span class='ocrx_word' id='word_1_222' title='bbox 713 3987 965 4063; x_wconf 87' lang='lat' dir='ltr'><strong>Consolatione,</strong></span> <span class='ocrx_word' id='word_1_223' title='bbox 976 3994 1011 4051; x_wconf 89' lang='lat' dir='ltr'><strong>et</strong></span> <span class='ocrx_word' id='word_1_224' title='bbox 1022 3984 1233 4066; x_wconf 87' lang='lat' dir='ltr'><strong>quadrivium</strong></span> 
     </span>
     <span class='ocr_line' id='line_1_35' title="bbox 141 4078 1233 4164; baseline 0.003 -21"><span class='ocrx_word' id='word_1_225' title='bbox 141 4080 183 4144; x_wconf 90' lang='lat' dir='ltr'><strong>de</strong></span> <span class='ocrx_word' id='word_1_226' title='bbox 200 4078 321 4142; x_wconf 84' lang='lat' dir='ltr'><strong>Groeco</strong></span> <span class='ocrx_word' id='word_1_227' title='bbox 335 4084 516 4159; x_wconf 89' lang='lat' dir='ltr'><strong>transtulit,</strong></span> <span class='ocrx_word' id='word_1_228' title='bbox 541 4088 638 4152; x_wconf 89' lang='lat' dir='ltr'><strong>idest</strong></span> <span class='ocrx_word' id='word_1_229' title='bbox 653 4086 925 4164; x_wconf 88' lang='lat' dir='ltr'><strong>Arithmetieam‚</strong></span> <span class='ocrx_word' id='word_1_230' title='bbox 947 4086 1128 4163; x_wconf 86' lang='lat' dir='ltr'><strong>Musioam,</strong></span> <span class='ocrx_word' id='word_1_231' title='bbox 1144 4083 1233 4147; x_wconf 74' lang='lat' dir='ltr'><strong>Geo-</strong></span> 
     </span>
    </p>
   </div>
   <div class='ocr_carea' id='block_1_9' title="bbox 0 0 1413 4800">
    <p class='ocr_par' dir='ltr' id='par_1_10' title="bbox 0 0 1413 4800">
     <span class='ocr_line' id='line_1_36' title="bbox 0 0 1413 4800; baseline 0 0"><span class='ocrx_word' id='word_1_232' title='bbox 0 0 1413 4800; x_wconf 95' lang='lat' dir='ltr'><strong> </strong></span> 
     </span>
    </p>
   </div>
  </div>
 </body>
</html>
