2790 4800
493 308 751 359 ruinosormm
776 312 848 361 ΜΒ.
866 313 896 358 ·l.

147 451 238 515 Dum
249 449 380 515 levibus
394 449 543 519 malefida
557 454 654 518 bonis
672 452 822 519 fortuna¹
842 456 978 529 faveret,

192 552 296 616 Paene
312 561 414 634 caput
428 555 530 618 tristis
544 561 703 619 merserat
716 555 826 620 hora¹¹¹
848 575 969 619 meum.

147 651 249 716 Nunc
266 653 344 735 quia
358 653 509 719 fallacem
520 657 665 720 mutavit
677 658 792 720 nubila
805 659 944 734 vultum,

190 753 357 818 Protrahit
370 758 512 838 ingratas
526 758 633 840 impia
648 758 721 821 vita
730 765 745 792 ¹²
766 777 886 822 moras.

60 893 63 896 -
145 853 237 931 Quid
250 877 303 920 me
316 858 447 922 felicem
462 860 563 922 toties
571 858 744 940 jactastiS,
760 858 882 920 amicit
893 867 907 894 ⁰

188 955 256 1033 Qui
267 958 399 1033 cecidit,
414 958 527 1021 stabili
542 974 610 1018 non
626 962 698 1017 erat
712 955 766 1017 ille
781 955 895 1036 gradu.

145 1162 204 1210 Cum
213 1162 313 1222 fortuna
323 1164 352 1212 ob
362 1165 534 1212 inconstantem
541 1163 647 1224 grafium
667 1170 753 1213 tenuere
766 1165 856 1214 creditu
874 1164 933 1212 milri
947 1166 1072 1228 mpiruret,
1082 1179 1129 1213 ‘non
1140 1165 1239 1213 muitum

142 1225 230 1286 abfuit
250 1228 307 1288 puin
324 1228 376 1275 dies
392 1233 475 1276 nroeeta
491 1228 655 1277 terminaverit
671 1244 746 1276 meum
764 1230 853 1277 edum:
870 1230 923 1288 J'um
939 1243 1002 1290 nero,
1019 1230 1126 1291 quonium
1135 1229 1238 1288 fortuna

143 1291 242 1337 aduersu
262 1293 377 1339 conuertit
393 1296 510 1353 aspectum
532 1295 674 1352 mendaeem,
691 1293 769 1341 animo
785 1309 837 1342 rnen
856 1293 961 1354 improba
977 1294 1086 1355 producit
1109 1308 1171 1341 meos
1188 1293 1239 1340 dier
1260 1296 1271 1304 '⁷

143 1351 287 1408 iniucundus.
322 1354 433 1416 Oamici,
448 1370 519 1417 qnare
536 1357 634 1405 dixistis
652 1361 701 1405 turn
719 1370 789 1419 sape,
807 1372 843 1406 me
857 1371 905 1406 esse
919 1355 1028 1406 beatum?
1043 1358 1083 1421 qui
1094 1359 1174 1419 tapsus
1189 1359 1235 1420 est,

143 1416 184 1464 ille
194 1432 239 1466 nou
247 1418 326 1467 stabul
338 1420 525 1483 uestigiojirmo.
633 1429 638 1436 '

637 1516 743 1568 NOTAE

140 1625 222 1676 lorum
240 1627 267 1677 in
285 1628 337 1678 rita
352 1629 462 1680 huminis
473 1630 601 1680 servanda
616 1645 668 1679 mo·
710 1632 799 1694 rentis,
817 1630 907 1681 fovere
924 1629 1070 1689 studuerat,
1089 1629 1120 1677 de
1144 1628 1236 1698 eodem

142 1710 265 1767 mentum,
284 1712 314 1756 ut
333 1707 431 1755 vitain
453 1715 532 1770 motu,
550 1722 619 1755 mors
642 1706 667 1754 iu
709 1708 889 1756 videturmale
900 1705 993 1754 mereri
1008 1705 1034 1753 in
1049 1705 1108 1766 hoc,
1119 1705 1187 1767 quod
1199 1719 1237 1753 re·

141 1776 228 1842 quiete
243 1783 376 1831 oculorum
395 1782 493 1830 versari
511 1783 586 1844 vulgo
597 1781 669 1830 dica·
709 1797 809 1832 cessum
820 1797 892 1831 suum
904 1781 1103 1844 procrastinans,
1120 1780 1237 1844 ejusdem

142 1858 198 1902 tur:
223 1863 364 1918 propterea
386 1856 408 1904 is
429 1863 552 1905 censetur
573 1856 669 1918 vivere,
710 1856 1091 1919 Boethiiaernmnasproducat.
1106 1855 1237 1907 sicontu-

141 1928 184 1990 qui
195 1927 298 1989 fruitur,
311 1932 377 1978 muri
390 1945 450 1979 vero
463 1932 505 1994 qni
517 1939 591 1980 caret
602 1933 669 1992 lnce,
711 1934 812 1982 tiliauus
830 1935 856 1982 in
875 1934 986 1982 Prooem.
1003 1934 1022 1983 l.
1044 1947 1083 1983 vr.
1120 1932 1236 1982 Institut.

142 2015 200 2065 quae
211 2003 291 2052 oculis
302 2005 452 2068 percipitur.
486 2006 555 2056 Hinc
566 2005 667 2055 AEneid.
710 2010 830 2073 ‘impiam
840 2010 848 2030 ¹
858 2016 932 2059 vocat
943 2011 951 2037 ⁴
962 2007 1147 2059 vivacitatem?

143 2091 183 2125 ιν.
197 2093 233 2125 rs.
243 2084 300 2127 450.
332 2080 411 2130 ‘Tum
423 2096 484 2130 vero
495 2080 595 2145 infelix,
607 2081 667 2132 fatis
739 2085 851 2147 ⁰Amiei]
868 2085 993 2134 Boethius
1014 2085 1154 2150 alloquitur
1173 2098 1234 2133 auos

143 2155 268 2203 exterrita
278 2155 350 2205 Dido
367 2157 481 2206 Mortem
493 2164 566 2207 orat:
584 2159 665 2207 taedct
708 2161 909 2223 amicos,utpote
918 2162 962 2224 qui
971 2176 1029 2210 cum
1038 2167 1116 2209 antea
1127 2159 1234 2208 Baitai·

141 2228 200 2278 eoeli
210 2243 326 2280 convexa
334 2233 410 2284 tueri.
425 2233 483 2284 Quo
490 2235 569 2297 magis
577 2235 664 2298 incep·
706 2250 749 2284 um
759 2234 863 2285 felicem
872 2237 1008 2295 dixissent,
1015 2237 1072 2297 ipso
1082 2236 1155 2283 exitu
1166 2249 1234 2283 nunc

143 2312 197 2354 tunr
207 2308 665 2372 peraget,lucemqnerelinquat....'
708 2310 747 2358 sui
764 2310 859 2357 erroris
876 2309 995 2357 convinci
1012 2314 1130 2370 possunt.
1163 2307 1236 2355 Scili-

176 2383 481 2448 ¹Mulefidusortuna10ni
497 2386 562 2434 male
577 2385 667 2433 creda·
709 2390 753 2431 cet
763 2384 891 2431 homiuum
904 2383 994 2429 animis
1011 2381 1088 2428 insita
1103 2386 1144 2428 est
1155 2377 1236 2429 felici-

141 2465 198 2507 tur:
224 2473 282 2507 eum
304 2460 372 2507 enirn
391 2457 496 2506 fortuna
516 2458 605 2506 insana
626 2458 670 2519 sit,
709 2458 808 2506 tatiset
824 2458 930 2506 miserita
944 2457 1033 2505 notio:
1052 2455 1121 2504 unde
1139 2454 1237 2504 miseri·

139 2548 219 2595 caeca,
240 2533 325 2595 bruta,
345 2534 495 2599 globosiqne
514 2534 569 2582 saxi
590 2533 670 2581 instar
709 2546 748 2580 em
758 2531 877 2596 fugimus,
887 2532 1041 2582 felicitatem
1059 2529 1237 2594 prosequimur

141 2604 269 2674 volubilis,
279 2611 347 2660 sicut
360 2609 667 2673 perhibentPhilnsophi,
708 2611 870 2674 naturaliter.
905 2609 1066 2658 Cumautem
1083 2614 1112 2656 ut
1129 2606 1173 2654 illa
1189 2621 1234 2656 no-

139 2692 278 2750 propterea
289 2698 352 2751 quos
369 2686 475 2747 attollit,
491 2686 596 2735 eosdem
613 2692 665 2735 sta·
708 2686 753 2748 tio,
768 2686 805 2732 sic
824 2685 880 2733 haec
896 2684 1034 2747 propensio
1051 2684 1084 2732 sit
1100 2682 1154 2731 Dei
1163 2682 1233 2732 illus-

139 2762 183 2810 tim
195 2760 324 2824 deprimit.
357 2761 434 2809 Unde
447 2761 568 2823 Horatio,
578 2760 665 2810 Carnu.
706 2760 799 2809 trantis
811 2760 988 2822 murentisque
1000 2773 1099 2820 munus,
1112 2765 1235 2822 propter-

140 2837 156 2886 l.
177 2851 196 2887 r.
213 2836 265 2888 Od.
284 2842 324 2885 35.
341 2835 445 2884 fortuna
465 2843 506 2884 est
524 2836 664 2884 ‘Praesens
706 2851 738 2884 ea
749 2843 860 2898 utraque
883 2836 925 2883 illa
941 2836 1063 2898 cogitatio
1079 2835 1177 2883 ratione
1194 2834 1234 2882 sui

139 2912 180 2959 vel
191 2913 241 2960 imo
249 2913 341 2959 tollere
353 2910 386 2957 dc
398 2910 479 2970 gradu
487 2911 601 2958 Mortale
610 2924 666 2958 cur·
708 2913 745 2959 ita
757 2918 829 2959 recta
849 2919 898 2972 est,
914 2917 942 2960 et
960 2909 1102 2960 uniusmodi
1113 2910 1140 2958 in
1152 2909 1232 2959 omui-

139 2999 196 3047 pns,
213 2986 254 3033 vel
271 2983 395 3047 superbos
408 2983 517 3031 Vertere
534 2982 667 3032 funeribus
708 2987 755 3035 bus
774 2987 925 3049 hominibus,
943 2994 973 3037 ut
991 3002 1040 3036 nun
1059 2987 1107 3035 nisi
1124 2992 1232 3049 propter

141 3058 300 3120 triumphos.'
708 3075 854 3125 perversam
871 3062 978 3111 hominis
992 3063 1058 3111 male
1076 3059 1233 3124 applicantia

172 3139 191 3167 ⁸¹
208 3133 285 3195 Caput
296 3133 376 3182 tristis
384 3134 575 3196 meremutdoru]
592 3135 666 3183 Tem·
705 3138 864 3185 voluntatem
885 3138 974 3201 iniqua
992 3137 1027 3185 sit
1045 3143 1073 3183 et
1087 3133 1232 3194 multiplex.

140 3223 188 3272 pus
200 3209 289 3258 Poetis
300 3209 396 3259 dicitur
407 3225 485 3259 causa
502 3224 602 3260 rerum:
620 3226 665 3260 un·
706 3212 784 3274 Hinc,
795 3227 842 3277 pro
859 3215 929 3262 vario
947 3209 1171 3275 perturbationum
1188 3206 1234 3254 im·

139 3285 172 3332 de
182 3284 251 3332 aliud
264 3298 413 3347 prosperum
423 3286 491 3349 quod
501 3285 582 3348 fauet,
594 3285 664 3335 aliud
704 3290 861 3352 perunum
886 3289 990 3347 divites,
1018 3285 1081 3332 alins
1103 3288 1232 3345 potenter,

140 3358 277 3408 adversum
289 3359 358 3423 quod
371 3366 456 3409 nocet.
488 3362 562 3410 Hora
579 3369 664 3410 nutem
706 3365 768 3411 alius
780 3364 836 3410 aliis
847 3362 922 3410 bonis
933 3359 1029 3409 creatis
1041 3356 1147 3407 affectos
1158 3365 1233 3422 putet

139 3433 257 3498 quaedam
268 3440 308 3482 est
320 3434 442 3494 temporis
455 3448 522 3494 pars,
533 3434 665 3496 quaequod
706 3453 763 3486 esse
773 3437 870 3485 felices.
896 3436 940 3482 stc
953 3448 1015 3496 ergo
1026 3448 1057 3482 ex
1069 3433 1155 3484 amicis
1165 3435 1231 3486 Bo'e'·

138 3510 195 3560 fere
206 3507 339 3574 ‘mergat'
355 3507 502 3569 Boiitlrium,
512 3508 612 3556 ideirco
623 3522 666 3556 vn·
707 3515 765 3573 thii,
777 3513 836 3559 duur
848 3513 888 3560 lric
896 3510 1014 3573 floreret,
1027 3498 1138 3561 nonnulli
1148 3513 1231 3577 ipsum

137 3589 231 3636 catur⁴
242 3584 344 3636 tristis?
708 3588 826 3636 dixerant
838 3587 950 3648 beatum,
962 3587 1030 3651 quod
1043 3588 1133 3650 opibus
1150 3589 1230 3638 abnn-

168 3671 181 3696 ¹
206 3663 282 3726 Impia
302 3660 366 3724 nitu]
384 3661 482 3724 Impius
505 3667 556 3722 est,
573 3658 618 3723 qui
635 3659 667 3707 de
707 3663 901 3726 daret3celeri,
915 3663 981 3727 quod
994 3665 1172 3726 magistratum
1188 3679 1230 3728 ge·

137 3740 204 3800 Deo,
215 3739 376 3802 parentibus,
397 3737 490 3786 antiis
509 3739 553 3801 qui
573 3750 665 3799 pareu-
708 3745 793 3805 reretz-
817 3738 862 3788 ned
882 3754 969 3789 omnes
989 3754 1056 3788 nunc
1076 3742 1149 3789 exitu
1170 3753 1230 3789 con-

139 3821 192 3861 tum
202 3815 271 3864 vices
283 3820 385 3878 gerunt,
396 3815 464 3862 male
475 3818 604 3861 meretur:
619 3825 664 3859 un·
705 3816 853 3877 vincuntur,
870 3815 1006 3864 Boethium
1024 3830 1074 3863 non
1090 3821 1232 3878 propterea

100 3928 103 3935 .
139 3886 172 3935 de
191 3889 270 3938 herba
289 3891 418 3954 quadam,
440 3905 497 3953 quae
518 3889 587 3953 qnod
603 3895 664 3937 nata
704 3892 756 3942 dici
765 3893 885 3942 debuisse
897 3892 1015 3942 felicem:
1034 3893 1122 3953 lapsus
1133 3889 1231 3953 quiippe

140 3972 259 4024 parentes
282 3968 397 4015 surculos
414 3965 533 4028 suffocet,
550 3965 664 4028 ‘impia'
704 3976 801 4018 certum
809 3968 1033 4018 estinstabilitatls
1042 3968 1234 4024 argumentum,

138 4039 292 4099 appellatur.
322 4043 386 4090 Vita
403 4047 497 4104 autem,
515 4042 661 4106 quamhac·
704 4050 732 4092 et
752 4045 856 4093 miseria
878 4055 991 4104 praeseus
1017 4040 1111 4100 probat
1136 4035 1231 4085 nullam

138 4121 215 4163 tenue
232 4112 353 4164 Baithiun
369 4116 451 4164 instar
467 4117 602 4178 cujusdam
618 4133 661 4180 pa·
701 4118 779 4168 fuisse
791 4117 951 4180 praeteritam
971 4111 1141 4160 felicitatem:
1154 4109 1230 4180 siqui·
