2790 4800
340 656 498 725 ANlcfl
532 656 714 725 MANLII
752 657 1007 739 TORQUATI

204 879 676 971 suvuuuuu
727 816 1111 970 Bouuun

508 1109 835 1244 VITA,

278 1380 417 1456 uun.
459 1340 845 1460 unuuinuo
889 1385 1077 1458 noun

535 1612 822 1679 SCRIPTORE.

498 1872 861 1882 Ἣ

128 2081 307 2174 Anteius
328 2106 548 2173 Snvnntuus
571 2108 781 2188 uouemus,
800 2106 989 2190 Romanus,
1004 2117 1226 2183 etnnbilitate

127 2208 301 2294 majerum,
314 2218 350 2274 et
362 2211 465 2274 animi
475 2209 613 2275 dotibus
623 2210 747 2286 clatus,
756 2211 791 2272 in
805 2229 846 2272 ea
858 2216 1013 2293 tempora
1022 2214 1141 2278 incidit
1151 2216 1227 2297 qui·

127 2313 194 2375 bus
209 2302 312 2376 Italia
325 2330 347 2375 a
359 2310 517 2375 Barbarie
528 2322 696 2392 oppressu
704 2309 891 2372 tenebatur.
937 2310 1054 2375 Natus
1069 2320 1123 2376 est
1137 2314 1228 2378 enim

127 2414 257 2478 nonita
270 2412 386 2476 multis
400 2417 482 2495 post
496 2410 591 2475 annis
601 2423 703 2492 quam
715 2404 906 2476 ubAlanico
918 2409 1032 2477 Romu
1045 2419 1229 2496 caperetur,

126 2515 303 2599 floruitque
312 2513 514 2580 Theudorici
525 2511 632 2596 Regis
644 2518 858 2597 tempestate.
886 2513 1119 2582 Theodericus
1130 2515 1230 2595 hieu

127 2614 264 2683 Zenone
288 2637 364 2683 cnm
386 2616 576 2701 ingentibus
602 2616 714 2700 copiis
742 2617 883 2694 missus,
909 2622 1058 2700 ereptam
1080 2618 1228 2685 Odoacri

127 2715 258 2785 Italiam
271 2718 342 2785 sihi
356 2720 609 2798 vendicaverat3
632 2719 880 2801 Ravennaeque
893 2720 987 2802 regni
1002 2720 1082 2785 sede
1101 2720 1225 2800 locata,

126 2828 247 2887 cuneta
266 2844 329 2905 pro
347 2815 487 2886 libidine
510 2822 786 2886 administmbat:
809 2821 899 2904 quod
920 2823 1039 2888 videns
1061 2823 1227 2890 Boiithius

127 2924 278 2985 honestis
300 2922 489 3003 disciplinis
510 2922 658 2985 animum
680 2922 854 3006 applicuit,
870 2923 906 2988 id
926 2922 994 2990 sibi
1017 2932 1148 2991 tantum
1169 2945 1226 2991 su·

128 3035 266 3106 petessa
280 3021 469 3106 intelligens
483 3020 574 3106 qued
585 3023 717 3088 humine
728 3025 983 3111 libero-dignum
997 3028 1097 3092 soret.
1140 3025 1227 3089 Ern-

130 3125 218 3189 dltus
232 3127 348 3209 itaque
367 3124 502 3192 Graecis
517 3132 554 3192 et
574 3119 705 3192 Ietinis
725 3128 828 3193 litenis
843 3130 887 3194 ab
901 3125 1137 3194 adolescentia
1150 3141 1229 3189 cum

130 3233 231 3306 essct,
260 3227 416 3311 qnaeda'm
451 3228 594 3312 primum
621 3244 669 3294 ex
692 3228 833 3295 Euclide
855 3229 1038 3306 transtulit,
1055 3233 1160 3310 atque
1180 3228 1230 3292 ita

130 3330 315 3406 transtulit,
335 3337 375 3393 ut
395 3335 430 3393 et
452 3329 648 3395 dimetiendi
671 3332 834 3407 rationes,
855 3334 892 3391 et
917 3327 986 3391 alia
1009 3327 1165 3411 quadam
1182 3329 1228 3397 de

129 3448 193 3497 suc
210 3431 425 3518 adjungeret3
447 3450 488 3494 ac
503 3430 595 3513 quod
615 3431 765 3494 nondum
780 3426 976 3493 Aristotelis
997 3435 1096 3498 aetate
1116 3452 1228 3519 reper-

127 3540 198 3598 tum
214 3535 336 3613 iuerat,
361 3534 496 3616 aequale
518 3531 645 3597 circulo
667 3531 866 3615 quadratum
896 3537 1042 3602 astutare
1063 3535 1224 3603 decuerit.

130 3634 381 3703 Arithmeticam
402 3642 531 3722 postea,
559 3635 812 3713 Nicomachum,
834 3652 898 3702 non
917 3643 955 3703 ut
973 3637 1149 3724 interpres,
1171 3659 1227 3704 se·

128 3746 240 3817 cutus,
253 3740 314 3804 sed
342 3759 406 3805 sun
429 3758 514 3804 usus
533 3739 680 3824 judicie,
696 3740 826 3806 Latinis
849 3741 961 3805 verbis
981 3741 1136 3806 reddidit.
1179 3737 1227 3805 Et

132 3838 210 3901 inde
225 3842 405 3922 Musicam,
420 3845 617 3929 perplexam
627 3848 662 3908 et
676 3843 859 3908 involutam
868 3842 1095 3927 disciplinam,
1106 3858 1151 3904 ex
1166 3856 1229 3918 op·
1290 3839 1293 3844 '

132 3940 225 4003 timis
233 3946 423 4028 quibusque
434 3947 586 4029 collegit:
608 3947 722 4031 quain
736 3960 771 4011 re
785 3953 820 4011 et
828 3944 1022 4009 Aristoxeni
1035 3940 1183 4021 copiam,
1194 3943 1230 4002 et

132 4040 334 4126 Pythagorae
356 4045 517 4126 judicium
536 4048 713 4128 expressit.
763 4047 871 4110 Extat
894 4039 1099 4107 Theudorici
1122 4038 1228 4124 Regis
