2790 4800
563 283 764 330 rraarrro.
1169 262 1212 333 25

114 443 193 488 nem
207 425 244 486 in
258 422 412 488 adversis
427 443 491 488 non
504 426 646 508 petiisse
662 445 705 491 ex
726 426 908 510 disciplina
927 427 1060 506 Christi,
1083 434 1116 493 et
1129 427 1209 492 doc·
1271 438 1274 445 '

116 527 204 591 trina
215 542 322 589 rerum
342 525 577 593 credendarum
592 548 635 595 ac
650 529 888 613 sperandarum
903 529 1004 596 libris
1024 531 1129 595 sacris
1148 549 1210 596 cx·

117 628 259 709 plicata:
283 627 412 706 deinde,
431 629 503 713 ipse
513 629 751 715 philosophica
764 633 829 696 ista
842 651 1043 716 proponens,
1071 632 1211 716 pollica-

119 736 174 792 tur
185 730 336 812 quaedam
361 731 493 796 altiora.
536 731 672 810 ‘Haec,’
700 732 820 816 inquit,
843 734 1010 797 ‘nondum
1034 733 1138 798 morbi
1158 733 1210 799 tui

116 831 271 910 remedia,
287 833 346 896 sed
356 833 465 898 adhuc
478 833 687 899 contumacis
698 833 858 896 adversus
867 834 1075 904 curationem
1084 834 1211 900 doloris

117 931 260 999 tomenta
275 934 432 1018 quaedam
447 943 536 998 sunt.
581 933 673 996 Nam
688 951 765 1013 quae
786 932 820 993 in
845 933 1048 1014 profundum
1063 933 1139 998 sese
1151 954 1211 1022 pe·

118 1041 259 1113 nebant,
298 1055 375 1100 cum
405 1034 643 1116 tempestivum
670 1033 781 1108 fuerit,
813 1030 1000 1114 exponam?
1050 1023 1212 1113 Videsne,

119 1131 345 1199 Nobilissime
361 1133 517 1208 Juvenis,
539 1133 750 1216 Sapientiam
774 1133 843 1216 ipsi
869 1135 1061 1215 promittere
1084 1134 1214 1218 majora

118 1237 289 1315 quaedam,
318 1240 351 1298 et
377 1234 585 1300 efficaciorat
629 1235 770 1313 Adhaec,
795 1236 881 1300 libro
905 1244 1025 1320 quarto
1038 1236 1213 1313 Boethius,

120 1334 378 1418 Philosophiam
392 1338 611 1421 compellans,
627 1358 700 1403 eam
715 1346 817 1404 vocat
841 1341 928 1405 ‘veri
943 1343 1102 1424 praeviam
1117 1341 1214 1406 lumi·

120 1440 175 1503 nis
188 1439 208 1503 :'
228 1459 297 1504 non
305 1440 405 1523 igitur
415 1443 450 1504 in
461 1451 553 1525 parte
568 1443 624 1507 illa
640 1444 761 1507 statuit
773 1443 967 1521 subsistere,
983 1445 1042 1508 sed
1058 1444 1213 1527 progredi

120 1542 260 1607 ulterius
284 1545 327 1608 ad
341 1545 451 1629 majus
466 1545 590 1611 lumen.
644 1545 735 1624 Jam,
752 1545 842 1628 quod
858 1547 1055 1629 paulopost
1070 1547 1215 1610 dicitur:

119 1645 302 1710 ‘Decursis
317 1650 472 1712 omnibus
482 1668 559 1730 quae
575 1652 777 1732 praemittere
786 1648 1012 1712 necessarium
1024 1651 1116 1726 puto‘,
1126 1647 1217 1709 viam

119 1746 181 1811 tihi
196 1767 273 1830 quae
290 1756 324 1812 te
339 1749 474 1813 domum
489 1752 629 1814 revehat
648 1750 832 1814 ostendam.
877 1748 1014 1811 Pennas
1031 1747 1134 1810 etiam
1149 1751 1216 1811 tua

118 1849 233 1925 menti,
247 1850 372 1929 quibus
387 1868 425 1911 se
439 1851 473 1912 in
486 1850 592 1913 altum
601 1850 718 1913 tollere
734 1851 857 1932 possit,
868 1848 1010 1931 affigam,
1022 1856 1071 1926 ut,
1087 1853 1214 1932 pertur-

121 1950 256 2010 batione
272 1949 424 2030 depulsa,
439 1969 560 2032 sospes
574 1952 608 2015 in
618 1952 774 2035 patriam,
789 1971 863 2015 meo
872 1951 984 2029 ductu,
997 1970 1075 2015 mea
1084 1950 1215 2028 semita,

123 2048 209 2111 meis
224 2051 323 2114 etiam
338 2051 498 2116 vehiculis
519 2053 713 2118 revertaris?
755 2052 866 2119 Nemo
890 2072 957 2117 non
976 2051 1083 2130 videt,
1106 2071 1216 2116 rerum

10 2144 20 2154 '
123 2151 365 2216 tractandarum
375 2155 742 2239 propositionemhisce
750 2156 860 2220 verbis
872 2155 1046 2219 contineri.
1072 2154 1217 2219 Promit-

124 2251 168 2313 tit
182 2259 299 2331 autern,
308 2276 346 2319 se
354 2258 494 2339 primum
502 2260 751 2340 praemissurum
760 2257 931 2337 quaedam,
940 2260 1062 2337 postea
1075 2274 1111 2316 se
1123 2271 1219 2333 quae·

126 2352 204 2413 dam
216 2353 475 2435 subjunctrrrum.
500 2358 587 2434 Quae
599 2357 850 2439 praemissurum
859 2374 896 2415 se
907 2355 968 2429 ait,
976 2355 1155 2415 habemus:
1170 2352 1220 2415 al·

126 2458 233 2517 teram
243 2461 371 2537 partem
384 2456 614 2520 desideramus
628 2457 662 2518 in
673 2468 741 2538 qua
752 2461 824 2518 erat
838 2460 1035 2517 ostensurus
1044 2452 1130 2516 viam
1143 2469 1220 2534 quae

125 2555 292 2620 hominem
309 2556 453 2635 domurn,
468 2557 503 2621 id
518 2563 570 2622 est
584 2557 620 2619 in
635 2555 770 2634 coelum,
787 2555 910 2635 ducat3
933 2573 1078 2638 quaeque
1093 2571 1221 2638 pennas

124 2659 230 2740 ipsius
245 2660 348 2725 menti
364 2658 507 2725 affixura
522 2667 604 2737 erat,
619 2660 743 2745 quibus
758 2678 794 2723 se
806 2659 956 2721 inultum
968 2656 1219 2740 possettollere,

126 2767 228 2843 atque
244 2763 294 2827 ita
308 2782 431 2846 sospes
446 2765 481 2826 in
495 2765 650 2845 patriam,
675 2761 739 2824 hoc
755 2766 809 2822 est
831 2759 963 2836 coelum,
988 2759 1118 2823 reverti.
1164 2758 1220 2821 Ex

126 2860 177 2924 his
193 2871 344 2946 apparet,
357 2866 463 2927 libros
477 2866 564 2928 istos
578 2864 726 2928 nondum
747 2881 820 2925 esse
836 2848 1013 2943 perfectos.
1058 2860 1126 2924 Sed
1139 2859 1221 2945 quid

127 2981 223 3026 cesso
246 2964 361 3026 valido
387 2970 422 3027 et
445 2966 657 3028 inconcussae
688 2963 889 3028 auctoritatis
914 2968 1107 3046 argumento
1129 2962 1220 3026 idem

129 3062 296 3143 probaret
317 3063 423 3129 Initio
437 3067 514 3130 libri
529 3067 635 3148 quinti
652 3067 702 3131 sic
716 3067 863 3150 loquitur
873 3066 1038 3130 Boethius
1055 3066 1096 3127 de
1107 3062 1222 3126 Philo-

128 3163 271 3243 sophias
296 3164 472 3246 ‘Dixerat
496 3169 729 3252 orationisque
754 3188 886 3234 cursum
910 3168 954 3231 ad
980 3168 1049 3230 alia
1065 3160 1222 3245 quaedam

127 3266 302 3330 tractanda
314 3273 347 3330 et
361 3270 570 3353 expedienda
585 3270 755 3337 vertebat?
801 3270 992 3350 Quaenaml
1015 3267 1077 3327 illa
1092 3263 1223 3326 scilicet

131 3385 208 3450 quae
222 3386 267 3429 ex
281 3366 478 3435 Christianae
493 3374 661 3454 religionis
678 3374 847 3456 mysteriis
875 3370 944 3451 peti
957 3370 1115 3450 possunt3
1148 3384 1223 3429 cum

132 3467 296 3532 Boethius
311 3487 497 3533 sermonem
518 3473 626 3554 injicit
639 3473 681 3535 de
698 3471 803 3547 Casu,
830 3470 871 3532 de
886 3469 1008 3533 Libero
1023 3469 1168 3546 arbitrio,
1190 3476 1225 3531 et

132 3569 323 3636 Concordia
336 3572 560 3655 praescientiae
576 3572 697 3637 divinae
713 3591 789 3636 cum
811 3573 960 3636 libertate
986 3571 1123 3649 arbitrii,
1146 3589 1224 3653 quaa

132 3674 286 3739 tractatio
309 3693 420 3757 usque
447 3675 491 3740 ad
523 3673 622 3738 tinem
651 3674 727 3738 libri
754 3693 829 3739 sese
856 3672 1014 3740 extendit.
1066 3672 1228 3755 Sequitur

132 3773 239 3854 igitur,
251 3777 401 3842 nondum
418 3776 452 3842 id
468 3776 558 3860 quod
577 3776 697 3841 docere
712 3778 914 3854 instituerat,
928 3776 1025 3858 plene
1039 3793 1113 3837 esse
1128 3773 1229 3835 abso-

135 3873 251 3954 lutum,
267 3879 329 3944 sed
343 3878 523 3946 desiderari
551 3887 680 3964 partem
702 3881 795 3946 illam
818 3900 896 3965 qnae
922 3880 1012 3942 viam
1036 3875 1080 3940 ad
1104 3874 1230 3937 coelum

136 3985 314 4058 monstrat,
327 4001 405 4065 quaa
420 4002 464 4047 ex
478 3983 554 4047 sola
567 3980 690 4049 Christi
704 3985 855 4049 doctrina
869 3979 1066 4065 pendebat.
1096 3968 1231 4035 Iudicat

136 4073 202 4137 hoc
218 4075 330 4155 ipsum
344 4082 467 4145 clarius
482 4089 604 4165 postea
623 4084 857 4167 Philosophia,
882 4099 959 4145 curn
976 4078 1045 4139 ait:
1073 4069 1232 4135 ‘Festino
