2790 4800
500 312 758 365 PHILOSOPHIAE
784 319 858 368 utu.
882 321 907 368 1.

197 454 340 533 Emicat,
357 460 392 520 et
407 457 518 522 subito
534 458 685 524 vibratus
700 459 824 527 lumine
841 461 1019 541 Phoebus,p

240 555 402 621 Mirantes
417 558 558 622 oculosq
580 559 684 624 radiis
700 559 786 626 ferit

150 752 278 816 repentino,
285 755 428 817 perstringit
439 756 559 820 splendore
569 772 611 806 suo
624 758 700 807 scelos
710 762 838 822 stupentes.

646 914 755 966 NO'I'AE

150 1040 188 1089 nis
210 1048 301 1091 ventus
324 1044 473 1104 vehemens,
500 1044 535 1091 sit
555 1039 678 1104 frigidus,
719 1042 883 1108 indignantes
910 1065 1003 1115 magno
1031 1068 1089 1103 cum
1118 1069 1254 1108 murmure·

149 1123 288 1178 propterea
306 1117 431 1179 Virgilius
449 1116 507 1165 Eclss
521 1131 572 1167 vn.
590 1132 628 1166 vs.
637 1121 678 1167 51.
720 1123 814 1171 montis
843 1124 945 1176 Circum
974 1129 1086 1179 claustra
1113 1128 1248 1195 fremunt,’

149 1192 309 1252 canit,‘Hic
330 1199 429 1242 tantum
447 1194 539 1243 Boreae
561 1208 679 1244 curamus
719 1197 769 1246 &m

148 1263 257 1326 frigora,
276 1272 401 1330 quantum
421 1267 475 1317 Aut
492 1283 624 1318 numerum
642 1271 676 1319 lu·
752 1273 870 1338 ibreicio]
885 1276 947 1326 Sive
971 1279 1084 1330 lltrucim
1103 1282 1174 1346 quod
1195 1284 1248 1333 Bo·

149 1353 209 1401 pus,
220 1345 264 1388 aut
275 1342 401 1390 torrentia
409 1340 515 1392 flumina
527 1344 612 1408 ripas!
630 1343 677 1394 At·
718 1363 776 1398 reas
791 1351 895 1415 quidam
912 1354 1011 1417 eodem,
1020 1370 1070 1419 quo
1081 1365 1174 1406 ventus
1193 1358 1247 1421 hie,

150 1429 201 1478 que
216 1416 277 1464 hinc
295 1414 366 1465 forte
381 1419 489 1468 nominis
508 1420 584 1469 istius
598 1420 678 1469 iuter·
717 1426 820 1476 nomine
839 1427 959 1491 donatus,
975 1428 1056 1480 fuerit
1074 1433 1177 1482 Threx:
1195 1435 1247 1494 rel,

149 1491 278 1551 pretatio:
293 1489 377 1555 βορέας
393 1496 461 1542 enim
475 1496 580 1544 videtur
597 1495 648 1546 dici
661 1512 677 1545 a
717 1501 783 1565 quod
801 1509 892 1551 ventus
908 1503 960 1562 hic,
978 1508 1172 1568 comparatione
1194 1510 1244 1557 loci

148 1562 212 1620 βοάν
223 1567 374 1619 ‘cismo'et
392 1569 590 1636 pen‘deeurro,’
605 1573 675 1638 quod
716 1576 762 1626 ubi
778 1577 909 1628 scribebat
927 1579 1062 1642 Boethius,
1080 1596 1113 1630 ex
1134 1582 1254 1631 Threcia>

122 1645 125 1661 ¹
146 1649 236 1692 ventus
252 1643 304 1705 itte,
316 1651 408 1710 utpote
421 1647 606 1712 vehementior,
616 1663 674 1699 cum
716 1650 849 1701 rideretur
858 1651 931 1702 liare.
948 1654 1068 1716 SicVirg.
1079 1669 1131 1705 xri.
1142 1653 1254 1707 AEneid..

145 1719 338 1770 souitucurrat.
371 1722 459 1772 'l'ertio
476 1723 519 1772 ille
532 1732 624 1773 ventus
636 1739 676 1773 se·
717 1742 755 1778 rs.
776 1732 833 1778 365.
867 1729 934 1778 ‘Ac
955 1731 1025 1779 velut
1048 1731 1132 1780 Edoni
1153 1733 1245 1782 Borese

145 1808 220 1843 renus
236 1801 286 1856 est,
297 1796 365 1858 quod
377 1811 435 1845 cum
447 1796 507 1846 aere
519 1812 677 1847 concurrens
717 1815 775 1849 cum
786 1802 893 1865 spiritus
905 1805 958 1854 alto
974 1805 1082 1855 insonet
1096 1807 1195 1870 AEgaeo,
1204 1821 1248 1858 se·⁴

147 1875 228 1923 nubes
250 1879 365 1934 coactas,
391 1874 525 1922 materiam
547 1874 677 1935 imbrium,
718 1876 855 1940 quiturque
864 1879 897 1928 ad
905 1879 994 1929 littora
1002 1878 1097 1931 ductus
1105 1883 1164 1934 Qua
1172 1883 1246 1935 vesti

145 1951 264 2011 dissipet.
301 1948 378 1996 Unde
401 1947 479 1998 Ouid.
502 1962 542 1998 vr.
569 1949 677 2000 Metam.
715 1950 866 2017 incubuere,
875 1952 961 2018 fugam
981 1956 1043 2006 dant
1059 1957 1146 2007 nubila
1158 1957 1244 2009 coelnss

146 2025 238 2087 ‘Apta
254 2022 315 2072 milri
331 2023 369 2072 ris
388 2029 438 2087 est,
454 2039 506 2089 qua
523 2024 609 2073 tristis
629 2040 674 2075 nu·
714 2026 799 2076 Edoni
811 2029 887 2092 enim,
897 2030 991 2082 Graece
1001 2032 1104 2097 Ἠδωνοὶ,
1120 2035 1242 2084 Straboni

147 2099 200 2147 bila
211 2097 289 2161 pello,
300 2099 334 2146 Et
346 2096 414 2146 freta
423 2099 554 2162 concutio,
565 2098 673 2149 nudosa·
714 2117 778 2165 gens
786 2110 826 2154 est
835 2105 973 2157 Thracica.
1000 2110 1083 2159 Porro
1094 2109 1247 2159 ‘reserare'

146 2187 197 2236 que
209 2172 302 2222 robora
310 2173 401 2223 verto!
431 2174 507 2223 Unde
515 2175 594 2223 etiam
604 2189 673 2225 nunc
713 2176 781 2228 idern
794 2187 834 2229 est
846 2180 914 2245 quod
924 2183 932 2210 ⁴
942 2185 1043 2247 aperire
1055 2183 1072 2233 :'
1087 2186 1095 2212 ‘
1108 2185 1243 2233 reserare'

145 2250 241 2299 dicitur
251 2250 259 2277 ‘
269 2250 380 2298 clausum
392 2262 508 2298 reserare
527 2249 613 2308 diem,'
624 2251 674 2299 hoc
715 2254 782 2302 enim
802 2256 959 2303 contrarium
980 2263 1020 2305 est
1037 2258 1120 2306 ‘seris
1131 2259 1148 2306 :’
1175 2260 1244 2308 sicut

146 2331 194 2386 est,
204 2323 295 2386 fugare
306 2324 394 2386 nubes,
405 2324 508 2386 quibus,
517 2325 596 2373 etlam
614 2332 675 2373 ante
716 2333 723 2353 ⁴
734 2326 846 2385 cland0,’
855 2334 883 2375 et
893 2328 901 2354 ‘
910 2329 1015 2378 recludo
1023 2329 1040 2388 ς’
1052 2331 1140 2392 ‘relo,'
1149 2338 1177 2379 et
1188 2334 1243 2379 ‘re-

145 2400 214 2448 Solis
225 2412 354 2461 occasum,
365 2412 416 2447 nox
427 2397 500 2447 facta
512 2406 562 2449 est.
714 2401 772 2448 velo
784 2399 800 2459 ι’
823 2405 831 2427 ⁴
844 2404 922 2463 tego,’
931 2409 958 2449 et
968 2403 976 2429 ‘
985 2410 1075 2466 retego
1084 2403 1092 2428 '
1102 2412 1164 2453 suut
1183 2414 1244 2453 cou-

178 2473 288 2527 Eniissus
302 2479 332 2527 ub
346 2479 426 2541 ostro]
444 2477 553 2542 Optime
568 2479 675 2541 Boreas,
717 2475 814 2523 traria:
831 2489 894 2525 seres
911 2483 998 2525 autem
1017 2482 1087 2540 suut,
1099 2477 1192 2541 quibus
1203 2493 1244 2527 rs·

145 2560 191 2602 aut
210 2553 321 2618 quilibet
341 2544 415 2602 atius
427 2553 516 2602 mnudi
535 2560 638 2617 ventus,
660 2569 674 2602 a
716 2549 792 2599 motis
804 2547 873 2600 sores
887 2551 1046 2627 panduntur,
1056 2560 1086 2602 nt
1102 2555 1140 2603 ait
1152 2555 1252 2623 t'arro‚.

144 2638 301 2694 tempestate
316 2632 443 2694 (tremus,
454 2630 505 2679 ‘ab
517 2638 591 2680 antro
601 2630 673 2680 emit.
714 2625 756 2673 vel
765 2632 793 2674 nt
800 2625 838 2674 ait
846 2626 949 2688 Festus,
956 2625 1048 2690 fustes,
1056 2629 1100 2692 qui
1109 2644 1243 2693 opponun-

144 2707 179 2756 ti'
197 2707 301 2767 dicitnr,
315 2715 345 2757 ut
360 2723 380 2758 1.
397 2708 456 2757 AEtr.
474 2722 511 2756 rs·
529 2711 569 2756 bl.
601 2706 673 2756 ‘Sed
714 2709 757 2750 tur
776 2698 892 2750 foribus:
910 2700 990 2750 Ovid.
1002 2716 1022 2750 1.
1035 2708 1058 2752 o.
1071 2702 1159 2754 Amor.
1172 2704 1240 2754 ‘Ex-

145 2790 218 2844 pater
238 2784 402 2845 omnipotens
421 2783 552 2846 speluncis
571 2782 673 2831 abdidit
713 2783 775 2825 cute
794 2783 872 2839 poste
888 2776 988 2825 tetam?
1019 2778 1089 2827 Hinc
1103 2779 1244 2843 Vim-¹11·

143 2857 221 2906 atris!
254 2859 478 2910 Quemadmodum
497 2859 565 2907 enim
583 2866 673 2907 ventus
713 2853 771 2901 AEn·
786 2867 825 2901 Vt·
842 2857 898 2902 584·
932 2853 1045 2904 ‘Urbem
1063 2857 1108 2906 alil
1125 2871 1248 2906 reserare·

144 2946 288 2992 pomorum,
299 2939 488 2993 castanearum,
498 2932 560 2994 ligni
573 2932 673 2992 viridis,
709 2927 852 2989 jubent‚'et
863 2931 977 2992 pandere
988 2932 1092 2994 portas?

145 3007 222 3054 immo
233 3012 261 3054 et
270 3005 341 3067 globi
349 3007 425 3070 aeuei,
442 3021 518 3070 quem
529 3007 673 3070 AEolipilam
746 3003 888 3066 ¹³Plusbuu]
906 3005 1028 3068 Phoebus,
1055 3007 1110 3057 sive
1137 3009 1242 3070 Apollo,

146 3086 248 3142 vocant,
259 3087 378 3130 movente
394 3081 464 3144 igue,
475 3097 507 3130 ex
522 3082 673 3147 quibusdam
713 3077 798 3128 fertur
807 3079 880 3130 Josis
899 3088 927 3130 et
938 3079 1046 3132 Latonae
1061 3081 1138 3144 filius,
1149 3083 1240 3130 eodem

144 3154 224 3203 veluti
242 3155 333 3216 antris,
344 3156 481 3220 vaporibus
497 3158 607 3218 scilicet,
623 3172 673 3223 qua
713 3161 788 3216 partu
800 3169 857 3204 curs
870 3156 957 3204 Diana
965 3156 1051 3205 editus
1061 3158 1088 3205 iu
1097 3158 1242 3204 insulaDe·

144 3229 206 3277 data
217 3236 301 3292 porta,
312 3232 467 3281 rarescendo
478 3233 612 3300 ruentibus
621 3234 670 3283 ori·
711 3225 746 3280 1ο.
779 3232 919 3281 Mediciuae
940 3233 1076 3290 inreut0r3
1100 3231 1241 3292 divinandi,

144 3311 205 3353 tur:
223 3303 260 3352 sic
275 3304 416 3367 praedictus
433 3309 520 3357 muudi
532 3316 622 3358 ventus
638 3325 671 3358 ex
711 3307 844 3368 cantandi,
853 3315 880 3356 et
888 3305 1052 3353 versificandi
1061 3305 1241 3370 edeoperitus‚

144 3379 370 3429 circumstantibus
390 3387 469 3443 terra,
486 3384 625 3446 montibus,
644 3392 671 3433 et
711 3388 741 3430 ut
760 3383 851 3430 harum
870 3380 973 3429 artium
986 3380 1057 3427 Deus
1077 3379 1177 3432 habitus
1195 3382 1238 3433 sit.

143 3454 265 3516 nubibus,
276 3455 356 3503 veluti
369 3469 401 3504 ex
413 3457 512 3519 magnis
522 3458 672 3519 quibusdam
712 3455 813 3518 Poetis,
824 3463 854 3502 ut
870 3454 1053 3517 nuuc,·.srepius
1065 3455 1149 3506 Solem
1160 3458 1237 3523 signi-

142 3530 283 3594 speluncis,
293 3536 386 3593 agente
404 3531 475 3591 Sole,
486 3532 625 3594 vaporibus
637 3533 674 3582 ni·
713 3530 785 3591 ficet,
796 3535 825 3578 ut
843 3528 923 3591 ipsius
938 3529 1045 3578 nominis
1056 3531 1238 3596 interpretatio

143 3607 315 3670 mirumque
334 3607 418 3675 minus
438 3607 577 3672 resistitur,
590 3622 673 3658 rares-
714 3606 817 3671 probat:
828 3607 983 3669 mitterentur
990 3607 1239 3674 Graecm-Latineest

144 3681 226 3730 ceudo
248 3682 412 3731 currentibus
434 3679 498 3731 llere
522 3685 671 3734 consuerit:
714 3682 898 3746 ‘splendidum'
916 3683 976 3733 binc
988 3684 1081 3736 dicitur
1097 3687 1238 3737 ‘emicare'

144 3755 211 3803 uude
221 3756 312 3818 virgil.
323 3770 343 3804 r.
355 3757 411 3806 AEn.
420 3772 458 3806 vs.
470 3762 511 3808 ⁵5.
544 3760 673 3810 ‘Nimbo·
713 3764 740 3807 et
764 3759 867 3809 ‘subito
880 3758 996 3809 vibratus
1013 3761 1131 3812 lumine:'
1151 3761 1238 3810 ‘emi-

145 3844 198 3877 rum
210 3831 235 3878 in
246 3832 365 3895 patriam,
376 3833 435 3882 locs
453 3831 516 3883 soeta
525 3831 670 3886 furentibus
711 3833 788 3883 care'
805 3835 908 3900 quidem
925 3835 1032 3898 dicitur,
1049 3844 1174 3901 quatenu-s
1188 3834 1239 3882 ful·

146 3902 256 3967 Austris,
274 3906 382 3956 AEoliam
402 3909 482 3959 venit.
524 3911 577 3960 Hic
594 3919 670 3960 uasto
711 3916 774 3972 get3
790 3912 856 3960 mico
868 3910 935 3958 enim
946 3911 1099 3970 esttamtcs,
1111 3917 1239 3972 quatenut

146 3991 193 4026 rex
212 3977 298 4026 AEolus
318 3991 391 4031 autro
413 3984 554 4034 Luctantes
576 3994 669 4035 ventos
710 3982 1045 4041 haecdiciturdearennlis
1061 3978 1239 4042 fulgentibus:

145 4061 363 4117 tempestatesque
373 4072 478 4107 sonorus
486 4061 600 4123 Imperio
611 4077 670 4125 pre·
712 4067 739 4109 at
756 4060 851 4110 dicitur
866 4059 973 4107 ‘subito
990 4057 1105 4104 vibratus
1125 4051 1238 4114 lumiue,’

144 4129 202 4191 mit,
213 4142 244 4177 nc
257 4127 344 4177 sinclis
355 4138 382 4177 et
393 4145 496 4181 carcere
506 4132 610 4184 fraenat.
627 4136 670 4184 illi
711 4141 840 4197 quatenus
859 4133 904 4181 Sol
923 4128 1188 4180 continuatotlumiue
1205 4129 1240 4179 ad
