2790 4800
148 298 192 362 18
606 308 635 353 P.
661 306 787 354 Blilt'l'll

437 432 440 435 ’
539 449 578 515 ιιι
605 464 856 514 rincnnnrcis:
961 468 967 477 ·

191 589 376 656 Transtulit
390 587 625 652 Archimedem
640 574 888 666 Mechanicnm.

192 692 309 757 Edidit
322 701 483 777 praeterea
498 687 676 755 Platonem
693 687 714 754 a
729 710 765 754 se
780 689 923 754 versum.

192 794 420 879 Epistularum
435 793 479 860 ad
493 793 645 859 diversos
660 791 778 858 librum
795 809 822 856 1.

192 897 560 981 Concordiam'qnoque
571 892 798 978 Philosophiae
808 887 1033 960 Aristotelicas
1044 909 1121 959 cnm
1131 891 1247 961 Plato·

149 1001 235 1066 nicis
250 1001 395 1066 scribere
411 1006 663 1083 aggressusest.

192 1103 247 1168 De
260 1101 540 1168 Hebdomadibus
554 1103 614 1166 lib.
632 1119 656 1165 ι.

192 1266 396 1334 Crediderim
410 1267 524 1344 etiam,
533 1265 656 1332 Romae
672 1267 724 1330 vel
739 1266 853 1348 ipsum
868 1271 965 1330 extra
976 1263 1128 1330 ordinem
1142 1285 1245 1351 quos-

149 1365 225 1435 dani
240 1369 369 1434 nobiles
386 1369 532 1453 juvenes
549 1368 718 1446 docuisse,
732 1369 786 1431 vel
810 1366 1007 1434 docentibus
1029 1355 1105 1430 aliis
1118 1368 1245 1450 praefn-

61 1526 65 1534 .
147 1473 230 1563 isse,
245 1476 279 1538 et
292 1471 385 1536 varia
404 1471 512 1535 omnis
525 1469 701 1553 sapientiae
717 1469 883 1533 exercitia
902 1465 993 1533 domi
1018 1488 1091 1533 snae
1114 1469 1247 1536 institn-
1279 1481 1282 1485 ’

148 1572 228 1639 isse
258 1563 339 1640 Fuit
353 1575 440 1640 enim
458 1579 537 1637 tunc
552 1571 716 1654 temporis
731 1572 807 1654 ipsa
821 1571 921 1634 etiam
936 1567 1049 1634 Roma
1061 1568 1246 1665 literarum,

149 1683 183 1742 et
197 1663 433 1769 philosophiae,
442 1682 476 1741 et
484 1672 712 1739 humaniorum
728 1668 977 1757 disciplinarum
993 1673 1177 1756 artiumque
1192 1691 1247 1736 ce·

148 1768 299 1842 lebritate
324 1770 434 1843 clara.
472 1773 751 1860 quemadmodum
777 1785 822 1838 ex
849 1774 1015 1859 rescripto
1044 1762 1245 1838 Theudorici

150 1878 253 1958 Regis
267 1879 310 1940 ad
326 1878 573 1960 Symmachum,
601 1877 734 1943 Boethii
755 1897 919 1954 socerum,
942 1877 1095 1960 apparet,
1122 1875 1157 1938 in
1176 1878 1246 1959 qno

148 1978 208 2041 ille
229 1976 373 2039 Romam
397 1977 598 2056 eloquentiae
621 1986 724 2041 vocat
747 1978 942 2041 foecundam
965 1979 1117 2054 matrem,
1143 1974 1245 2042 uirtu-

148 2083 284 2159 tumque
300 2076 449 2138 omnium
463 2074 664 2138 latissimum·
683 2077 864 2158 templum:
887 2082 1054 2159 vetatque,
1078 2096 1119 2140 ne
1142 2077 1246 2144 Vale-

147 2178 234 2242 riani
252 2177 345 2242 liberi
361 2197 380 2240 e
395 2177 610 2260 Syracusana
623 2176 759 2241 civitate
778 2176 965 2240 studiorum
980 2194 1085 2242 causa
1100 2177 1246 2247 Romam

148 2279 321 2370 deducti,
312 2299 387 2364 rpso
401 2276 594 2342 inconsulto
610 2278 691 2342 aut
682 2278 788 2353 inscio
804 2278 847 2342 ad
861 2278 987 2361 patrem
1002 2262 1151 2346 redeant

191 2361 288 2448 Nota
300 2400 438 2467 quoqne
451 2379 577 2443 exteris
586 2380 650 2444 fuit
664 2379 801 2446 Boiitbii
810 2380 915 2445 nostri
927 2364 1121 2447 eruditionis
1135 2383 1245 2449 fama.

147 2502 224 2547 nam
238 2503 313 2547 cum
327 2480 558 2551 Tbeodoricus
576 2481 779 2545 Francorum
790 2482 877 2564 Regi
892 2480 1100 2561 Ghlodoveo,
1113 2489 1148 2549 et
1162 2485 1247 2549 Bur·

147 2582 352 2664 gundionum
368 2581 455 2665 Regi
471 2579 687 2646 Gundibuldo
700 2581 861 2646 affinitate
880 2581 1022 2669 junctus
1036 2591 1139 2661 esset,
1155 2585 1247 2669 qnod

147 2679 240 2748 illius
261 2682 396 2766 quidum
411 2703 559 2749 sororem
579 2679 800 2746 Audadedam
822 2701 964 2747 uxorem
977 2684 1052 2766 ipsc
1073 2685 1248 2771 duxisset,

148 2784 243 2848 alteri
257 2801 337 2848 vero
351 2786 425 2867 ipse
440 2786 543 2851 filiam
558 2787 735 2864 elocasset,
762 2786 849 2851 forte
871 2786 985 2875 evenit
1007 2794 1043 2852 ut
1059 2767 1249 2855 Gundibal-

148 2885 224 2963 dns,
240 2905 298 2968 qui
288 2870 492 2975 'Ravennae
499 2905 655 2953 socerum
670 2888 843 2968 inviserat,
868 2867 1012 2975 Rumam
1031 2909 1166 2978 qnoque
1185 2909 1251 2962 ex-

144 2993 303 3065 c,nrreret
331 2987 424 3050 urbis
439 2989 532 3054 lama
548 2997 586 3054 et
601 2988 739 3055 Boiithii
762 2990 911 3056 nominis
934 2990 1129 3058 celebritate
1153 2994 1247 3058 exci-

145 3095 217 3172 tns3
239 3090 385 3155 cuicum
402 3088 566 3154 Boethius
588 3093 671 3156 inter
686 3092 756 3157 alia
768 3073 957 3158 mechanici
979 3096 1092 3177 operis
1122 3112 1247 3179 organa

146 3193 350 3259 ostendisset
363 3190 541 3281 horologia
557 3192 635 3271 duo,
652 3214 789 3277 qnorum
808 3193 978 3262 alterum
967 3214 1003 3257 m
1027 3195 1160 3279 sphaera
1173 3215 1246 3260 mo·

135 3293 208 3356 bili
232 3315 365 3370 cursum
391 3293 556 3362 Solisv
505 3293 728 3377 significabat,
753 3295 894 3369 alterum
917 3297 1015 3379 aquis
1039 3298 1246 3364 stillantibus

146 3390 317 3468 indicabat
331 3397 486 3462 horarum
501 3396 624 3480 spatia,
639 3395 828 3481 cujusmodi
842 3395 957 3474 Graeci
971 3399 1169 3485 clepsydras
1183 3419 1246 3464 vo-

147 3498 238 3568 cant,
245 3496 501 3578 obstupefactus
510 3518 626 3564 eorum
637 3503 823 3582 conspectu
836 3500 937 3590 bomo
951 3483 1246 3589 barbarussimnl·

146 3596 247 3674 atque
259 3593 294 3657 in
310 3615 407 3659 suum
423 3617 556 3678 regnum
578 3619 732 3676 reuersus
757 3607 820 3683 pst,
848 3603 963 3684 missis
977 3602 1096 3682 legatis
1109 3601 1210 3684 petiit
1223 3623 1247 3668 a

145 3691 357 3770 Theodorico
370 3697 537 3779 ejusmodi
557 3699 601 3762 ad
621 3707 657 3762 se
670 3699 843 3783 horologia
856 3700 1047 3768 transmitti.
1090 3699 1246 3768 Theodo-

145 3794 236 3859 ricus
246 3794 436 3875 Boethium,
446 3804 483 3863 ut
494 3800 578 3864 talia
592 3799 683 3865 uffini
692 3812 757 3868 suo
766 3804 991 3881 concinnaret,
1007 3804 1152 3885 rogavitq
1167 3823 1246 3870 cone

146 3897 279 3977 cinnata
293 3917 375 3962 vero
390 3900 491 3965 misit.
515 3901 642 3967 Extant
655 3905 727 3989 ejus
742 3904 832 3988 apud
849 3903 1091 3968 Cassiodorum
1105 3904 1244 3990 Episto-

145 3999 188 4065 lae
204 3998 293 4079 dnae,
308 4000 424 4066 harum
439 4007 547 4069 rernm
561 3995 679 4086 testes,
698 4016 791 4090 quas
806 4008 920 4089 operae
935 4007 1081 4090 pretium
1097 4015 1149 4072 est
1169 4027 1244 4090 cog·

145 4118 293 4180 noscere,
310 4106 380 4168 tum
395 4104 437 4169 ad
453 4105 711 4195 confirmandam
727 4107 825 4194 fideln
840 4114 956 4197 eornm
971 4120 1048 4196 quac
1064 4109 1149 4198 dixi,
1173 4108 1242 4193 tum
