2790 4800
497 299 758 351 rnrnosurrnn
782 302 854 368 nnn
878 304 902 351 r.

276 440 440 506 Mirantur
454 442 525 506 sine
540 443 667 508 viribus
682 443 853 510 furentes?

274 540 348 605 Nec
362 561 478 624 speres
492 543 631 627 aliquid,
648 564 708 609 nec
724 548 926 611 extimescas
937 555 960 610 τ’

275 641 508 710 Exarmaveris
523 645 718 729 impotentis
733 648 835 713 iram:

271 738 319 807 At
333 744 486 827 quisquis
500 745 650 828 trepidus
665 755 782 828 pavet,
797 748 851 812 vel
866 755 995 831 optat,'
1198 747 1241 809 15

272 841 374 920 Quod
388 864 455 910 non
470 845 516 909 sit
531 845 673 922 stabilia,
689 847 811 927 suique
821 839 918 929 juris,

268 941 406 1028 Abjecit
421 946 591 1029 clypeum,
605 946 747 1026 locoque
762 953 876 1010 motus

271 1044 400 1124 Nectit,
415 1064 484 1127 qua
497 1044 611 1109 valeat
626 1044 723 1122 trabi,
737 1053 898 1109 catenam.

140 1230 234 1288 stupent
253 1229 365 1288 tyrannos
383 1226 494 1288 medela,
511 1238 617 1273 accensor
628 1225 714 1285 furore
730 1224 817 1276 inani?
850 1225 922 1276 Niliil
932 1231 1004 1289 optes,
1022 1225 1126 1288 rrilrr'lqnc
1144 1229 1244 1288 mnam,

143 1296 237 1350 tamque
258 1288 390 1337 exercitatio
400 1289 508 1348 furorem
526 1287 646 1351 offlam
659 1290 793 1354 infirmique
820 1292 933 1354 tyranni:
950 1292 990 1339 red
1006 1290 1141 1354 quicumque
1159 1291 1243 1338 meluit

141 1359 250 1413 tremens,
261 1358 302 1400 ont
312 1357 399 1415 sperui,
411 1354 443 1414 is,
453 1352 561 1414 qnoniam
569 1368 615 1402 oron
631 1358 666 1402 cst
682 1360 791 1403 constans
801 1360 825 1403 et
837 1355 980 1419 component,
991 1356 1098 1418 deposuit
1108 1357 1243 1416 animet

141 1432 184 1465 ruo
193 1418 246 1467 redo
256 1416 365 1478 diq'octrrr
373 1417 489 1480 componit
499 1417 600 1480 namn,
609 1418 692 1481 quibas
703 1419 757 1482 rupi
765 1420 848 1482 possit.

634 1566 744 1616 NOTAE

143 1708 231 1756 perum
260 1694 382 1744 tabernas
405 1695 556 1761 Regumque
576 1701 671 1758 turres,
712 1697 789 1746 c.5.‘
803 1689 1244 1760 potest,’inquit,‘beatusdiciqui

142 1784 158 1817 o
168 1771 242 1820 beate
253 1770 347 1822 Sexti!
379 1772 422 1821 Sic
435 1773 563 1835 Virgilius
580 1773 614 1821 de
630 1779 671 1836 ty·
713 1785 760 1819 uec
773 1773 846 1834 cupit
864 1786 912 1820 nec
930 1771 1014 1832 timet,
1026 1766 1153 1828 beneficio
1166 1766 1245 1815 ratic·

143 1858 221 1893 ranno
246 1846 361 1908 loquitur
388 1860 440 1895 vrr.
459 1847 525 1897 'AEm
550 1860 588 1895 vs.
614 1850 672 1894 266.
713 1842 769 1892 nis!
803 1845 904 1907 Cicero,
916 1859 992 1895 versu
1012 1849 1051 1894 i'l.
1069 1850 1098 1892 et
1110 1841 1244 1905 Virgilius,

141 1921 227 1970 ‘Pars
245 1923 307 1969 mibi
323 1921 395 1983 pacis
412 1922 462 1970 erit
478 1921 673 1971 dextramteti·
713 1934 789 1969 versu
810 1925 834 1969 2.
861 1922 936 1985 bujus
956 1920 1032 1970 metri
1049 1920 1161 1970 citatus:
1186 1917 1244 1982 qui·

143 1996 211 2058 gisae
222 1994 341 2058 tyranni!
373 1994 424 2043 Sed
435 1994 503 2059 apud
515 1996 672 2046 recentiores
715 1993 762 2043 bns
773 1995 833 2044 addi
846 2003 934 2061 potest
944 1995 1133 2046 Mundensis.
1141 1995 1191 2058 Ep.
1201 1998 1244 2045 47.

143 2078 263 2119 auctores
275 2076 397 2132 tyrannus
416 2069 461 2120 ille
476 2070 558 2120 solum
575 2070 672 2121 dicitur
712 2070 804 2123 ‘Quod
816 2073 860 2135 sis,
870 2087 927 2122 esre
938 2071 1016 2133 velis,
1027 2071 1142 2134 nihilque
1152 2069 1242 2118 malis:

142 2146 273 2210 princeps,
284 2146 328 2211 qui
343 2159 461 2211 suprema
477 2161 523 2195 rua
541 2154 671 2210 potestate
711 2143 1245 2206 Summnmueemetuasdlem,necoptes.'

144 2220 275 2270 abutitur:
294 2236 345 2286 quo
357 2221 433 2272 modo
444 2221 511 2272 idern
523 2223 617 2286 virgil.
629 2236 669 2273 rx.
711 2221 817 2271 Scilicet
828 2236 906 2271 meus·
917 2222 1072 2272 caducarum
1085 2232 1169 2267 rerum
1186 2218 1244 2280 spei

143 2297 202 2344 AEu.
222 2311 260 2345 rs.
279 2301 336 2345 36⁶.
368 2298 375 2326 ⁸
393 2297 563 2358 Conveniunt,
579 2298 671 2362 quibus
713 2305 847 2362 metusque
854 2298 1012 2357 libera,binc
1025 2310 1040 2343 a
1051 2305 1244 2355 corpore,erro·

147 2376 193 2420 ant
203 2371 289 2420 odium
305 2371 411 2421 crudele
429 2372 541 2434 tyranni,
558 2370 612 2420 Ant
622 2385 674 2419 me·
715 2386 770 2420 rum
780 2364 1244 2434 vitiorumquefonte,iiberatur,inde

146 2454 188 2495 tus
200 2461 260 2496 seer
270 2445 345 2496 erat?
372 2447 466 2508 Neque
477 2459 538 2494 vero
548 2444 676 2507 ejusmodi
715 2461 775 2496 rerc
787 2449 847 2495 Deo
857 2446 972 2495 veritatis
983 2444 1142 2506 virtutisque
1152 2440 1248 2504 prinei·

142 2529 266 2585 tyrannos
284 2522 369 2582 tlmet,
386 2521 439 2586 qui,
455 2519 631 2584 magnitudine
647 2526 676 2569 et
716 2523 760 2585 pio
781 2523 963 2586 conjungitur:
993 2532 1074 2585 quare
1099 2520 1107 2544 ⁴
1128 2523 1246 2566 exarmat

143 2598 296 2649 fortitudine
319 2597 396 2647 animi
418 2596 554 2662 praeditus,
575 2595 637 2646 nibil
659 2610 674 2645 a
714 2597 797 2661 iram,'
807 2598 881 2662 cujus
894 2603 934 2647 est
949 2597 1074 2644 duntaxat
1086 2599 1131 2642 snt
1142 2591 1245 2642 anferre

142 2675 217 2725 rebus
236 2674 331 2724 creetis
342 2679 388 2723 ant
399 2681 490 2737 sperat
501 2679 547 2721 ant
563 2673 655 2722 metuit
664 2689 676 2722 :.
714 2674 807 2723 bonurn
827 2674 895 2737 quod
915 2681 1001 2735 optes,
1017 2677 1062 2718 ant
1078 2668 1175 2718 inferre
1190 2682 1244 2717 ma·

141 2755 148 2778 ‘
171 2750 283 2800 Harum'
300 2750 369 2799 euim
394 2749 563 2812 ‘virtntnmss
588 2751 673 2814 inquit
712 2751 765 2799 lum
788 2748 857 2813 quod
878 2749 985 2808 timeas;
1005 2745 1099 2810 quique
1116 2744 1165 2794 tibi
1181 2744 1244 2793 iras-

143 2825 197 2875 Gic.
208 2840 251 2876 nr.
263 2825 296 2875 de
313 2824 391 2876 one.
406 2826 414 2853 ‘
427 2831 467 2874 est
486 2825 619 2889 proprium
636 2825 672 2873 nil
713 2826 792 2884 citur,
803 2825 844 2873 bic
855 2826 863 2853 ⁴
876 2821 1018 2885 impotens'
1034 2829 1090 2870 est:
1107 2821 1162 2869 sire
1179 2820 1242 2884 qnia

142 2902 322 2960 extimescere,
344 2900 430 2948 omnia
454 2901 564 2948 bumana
587 2901 674 2963 despl·
713 2916 764 2964 quo
781 2902 818 2948 ira
835 2898 966 2964 libidoque
985 2897 1099 2961 rapiunt,
1116 2896 1243 2960 sequitur,

142 2989 203 3024 cere
213 2992 220 3034 ς
236 2975 300 3023 nihil
311 2974 377 3036 quod
386 2973 480 3022 homini
488 2974 671 3038 acciderepos·
712 2975 786 3039 (talis
796 2976 864 3024 enirn
876 2976 950 3026 borno
962 2975 1040 3025 etiarn
1048 2973 1169 3023 Ciceroni
1177 2973 1243 3020 ‘ina-

146 3051 191 3111 sit,
212 3048 403 3098 intolerandum
422 3053 530 3110 putare.’
562 3050 602 3098 Ex
624 3065 673 3114 qno
714 3048 1243 3116 potens’dicitur,)sirequinnocereuon

143 3126 213 3174 idem
237 3123 334 3174 Orator
353 3123 458 3173 conficit
473 3122 672 3174 ‘fortitudinem
712 3133 808 3189 potest.

142 3214 200 3248 esse
226 3198 341 3247 dolorum
363 3198 530 3263 laborumque
557 3205 671 3249 contem·
743 3203 881 3266 'Quieqrris
959 3205 1038 3265 pocot,
1054 3198 1092 3246 cel
1109 3193 1187 3259 emat]
1219 3195 1242 3242 E

144 3274 671 3338 tranen)Quaremegnanimisviris⁴feri
712 3281 842 3330 contrario
861 3280 1018 3342 quicumque
1037 3279 1108 3322 metu
1132 3278 1176 3320 ant
1195 3285 1243 3334 spe

73 3362 81 3388 ¹
143 3349 260 3414 tyranui'
278 3349 405 3398 habentur
421 3349 496 3398 ‘sine
514 3350 615 3400 viribus
633 3349 672 3399 fu·
712 3357 866 3406 caducarum
875 3369 960 3403 rernm
968 3350 1089 3409 afficitur,
1100 3348 1131 3410 is,
1143 3353 1167 3397 1.
1177 3348 1245 3398 ‘non

145 3424 252 3476 rentes!
284 3423 370 3487 Igitur
713 3440 755 3481 est
772 3429 893 3492 stabilis,'
911 3429 979 3494 quod
997 3428 1037 3476 vel
1057 3426 1182 3490 supplicio
1202 3426 1243 3476 r'el

175 3503 251 3552 'Nec
261 3499 450 3564 spererulr'qnid,
465 3513 507 3548 acc
522 3499 672 3561 extimescas]
714 3507 821 3568 praemio
838 3518 910 3553 mens
926 3503 982 3567 ejus
995 3517 1010 3551 a
1026 3502 1108 3566 prima
1126 3501 1243 3553 veritatis

144 3579 209 3628 llrec
229 3584 271 3628 est
293 3575 424 3626 sententia
446 3574 576 3636 Platonis,
597 3589 673 3638 qnam
713 3581 868 3645 virtutisque
889 3594 978 3629 norma
997 3578 1119 3628 recedere
1140 3578 1175 3628 sit
1197 3593 1243 3642 p..

144 3655 191 3703 sibi
213 3655 337 3717 deinceps
364 3658 556 3715 usurpaverunt
578 3650 671 3713 Stoici,
714 3664 786 3719 ear23
810 3662 835 3706 2,
855 3656 918 3705 ‘sui
937 3655 1004 3719 jurio
1022 3668 1072 3704 non
1093 3653 1150 3717 est,’
1173 3653 1242 3718 qnod

144 3731 305 3795 unanimique
338 3740 466 3778 consensu
495 3727 674 3792 approbarunt
714 3731 841 3796 mancipia
852 3746 901 3781 non
922 3738 974 3780 tam
986 3730 1055 3779 servi
1074 3729 1244 3784 dominorum,

144 3821 230 3855 omnes
237 3822 295 3856 curn
303 3813 419 3857 oratores
428 3812 480 3854 turn
489 3805 583 3869 petra.
596 3805 673 3855 Plato
714 3823 789 3872 qnam
807 3809 849 3859 ille
866 3807 1038 3873 cupiditatum
1056 3808 1097 3854 rel
1109 3806 1243 3859 timornnr;

145 3883 212 3929 euim
229 3883 255 3931 in
272 3882 379 3932 l’bilebo
398 3882 435 3932 air
449 3883 589 3945 ‘oportere
605 3896 673 3944 enm,
713 3887 738 3932 ³.
748 3888 756 3912 ‘
766 3883 861 3948 abjecit
868 3881 1008 3948 clypenur,'
1017 3880 1086 3946 quod
1094 3875 1244 3940 magnitudo

145 3956 190 4018 qui
214 3957 374 4020 intelligendi
398 3958 567 4024 sapiendique
591 3958 672 4007 vitam
713 3957 892 4024 fortitudoque
902 3958 991 4017 animi,
1003 3969 1078 4017 quam
1091 3949 1197 4012 abjecit,
1209 3946 1245 3994 Sit

146 4031 234 4091 elegit,
240 4031 384 4080 nullatenus
393 4034 504 4095 gaudere
513 4034 553 4082 rel
565 4032 673 4084 dolere)
712 4034 792 4096 ipsius
803 4032 880 4083 animi
893 4031 971 4081 robur
982 4036 1011 4076 et
1021 4025 1120 4081 tutels;
1136 4024 1160 4068 4.
1170 4021 1178 4045 ⁴
1187 4020 1244 4068 loco

137 4106 250 4155 seneca
271 4103 314 4151 ille
332 4103 437 4154 Stoicus
456 4105 489 4155 de
509 4107 594 4157 Beata
610 4107 673 4157 Vita
712 4110 815 4171 motus,'
831 4115 859 4157 ut
874 4107 948 4156 miles
964 4107 1041 4151 extra
1052 4106 1245 4156 sunm-agnem
