2790 4800
117 246 119 250 ¹
146 269 187 334 10
597 283 628 330 r.
652 282 781 330 nnnrrr

139 428 249 512 ,gulari
265 425 447 491 certamine
461 426 652 509 prostravit,
677 443 886 508 corporeque
902 423 977 508 ejus
1002 426 1045 490 ab
1061 426 1152 488 omni
1172 427 1239 492 alia

145 529 319 594 vexatione
334 529 474 605 intacto,
489 546 593 590 unum
608 533 759 610 torquem
774 527 928 606 abstulit,
944 547 1054 610 eoque
1069 548 1106 591 se
1121 528 1240 605 induit,

145 636 182 692 ut
205 635 255 692 est
269 629 361 710 apud
378 628 522 693 Livium.
566 627 623 692 Sic
649 629 746 709 igitur
761 627 927 692 Boethius
950 634 1061 693 noster
1081 629 1123 691 ab
1139 635 1241 692 atavo

148 747 268 792 nomen
283 729 384 793 habet
399 728 524 806 Anicii,
540 730 583 791 ab
600 746 664 792 avc
680 728 801 792 Manlii
815 728 987 812 Torquati.

188 831 339 895 Severini
354 849 477 894 nomen
491 829 578 894 unde
594 834 738 894 tractum
757 831 812 909 sit,
834 830 937 895 video
953 831 1108 895 dubitari.
1154 831 1243 896 Sunt

145 934 202 1016 qui
218 952 263 996 ex
277 933 386 1014 gentis
406 933 551 997 Manliae
574 934 753 998 severitate
773 933 858 997 illud
882 933 1022 1017 petitum
1037 932 1242 997 existiment.

147 1034 366 1117 Constatque,
406 1052 557 1100 severam
585 1034 740 1118 inprimis
770 1041 870 1118 atque
906 1035 1121 1119 imperiosam
1152 1034 1242 1099 hanc

143 1137 307 1200 familiam
322 1137 437 1202 fuisse.
472 1137 511 1207 L.
524 1136 800 1201 ManliusTitum
809 1137 915 1203 filium
926 1157 1035 1214 suum,
1051 1137 1244 1222 quipostea

145 1238 336 1322 Torquatus
359 1240 470 1304 dictus
483 1239 556 1316 fuit,
571 1259 628 1302 rus
644 1240 688 1303 ab
701 1239 872 1304 hominum
888 1241 1142 1306 conversatione
1154 1238 1243 1302 rele-

145 1342 255 1421 gavit:
279 1339 369 1405 idem
383 1341 542 1406 Dictator
555 1346 650 1405 tauta
664 1341 842 1407 severitate
866 1341 1031 1406 delectum
1053 1340 1182 1416 habuit,
1207 1344 1244 1404 ut

145 1442 322 1524 Imperiosi
348 1463 471 1507 nomen
494 1442 656 1507 retulerit.
707 1441 791 1526 Ipse
813 1443 854 1506 Τ.
868 1442 1020 1507 Manlius
1037 1443 1242 1526 Torquatus

144 1543 248 1608 filium
263 1565 372 1622 suum,
387 1544 478 1626 quod
493 1547 698 1626 provocatus
715 1542 904 1607 aGeminic
918 1543 1038 1621 Matio,
1053 1543 1139 1608 duce
1152 1544 1243 1607 Tus·

146 1645 352 1723 culanorum,
367 1646 410 1711 ad
425 1643 650 1710 dimicandum
667 1663 705 1707 se
720 1645 835 1726 ignaro
851 1642 1084 1722 descenderat,
1100 1645 1207 1724 abripi
1222 1663 1244 1706 a

143 1750 273 1827 lictore,
288 1750 368 1813 etin
383 1748 517 1814 modurn
537 1747 657 1811 hostiae
672 1748 810 1812 mactari
821 1745 937 1829 jussit,
954 1748 1062 1812 satius
1071 1747 1242 1832 judicans,

145 1855 274 1929 patrem
286 1850 357 1912 filio
371 1850 469 1926 sorti,
485 1869 586 1933 qnam
603 1849 743 1933 patriam
758 1849 909 1914 militaris
929 1848 1118 1932 disciplinae
1130 1864 1243 1910 exem·

145 1946 204 2030 plo
222 1967 355 2011 carere:
379 1969 447 2033 quo
463 1949 598 2031 quidem
612 1949 702 2013 iacto
718 1949 869 2014 Manlius
884 1970 991 2034 usque
1003 1949 1243 2014 adeoinvisum

147 2067 185 2111 se
202 2055 299 2131 atque
315 2067 455 2111 exosum
475 2049 642 2132 juventuti
658 2050 823 2114 Romanae
838 2050 957 2125 effecit,
979 2057 1016 2113 ut
1037 2050 1105 2130 ipsi
1121 2050 1163 2112 de
1178 2049 1243 2114 La-

144 2149 237 2227 tinis,
268 2149 464 2242 Campanis
503 2150 674 2229 Sidicinis,
701 2150 869 2214 Auruncis
903 2150 1105 2231 triumphum
1132 2151 1243 2231 agenti

145 2272 243 2317 nemo
270 2252 469 2317 adolescens
494 2254 613 2317 nobilis
642 2252 777 2316 obviam
806 2251 1016 2334 processerit.
1074 2250 1130 2316 Ad
1158 2253 1243 2317 hanc

146 2356 362 2421 severitatem
377 2358 524 2441 respexit
539 2356 710 2440 Virgilius
726 2374 804 2420 cum
815 2353 968 2437 scripsit:

626 2525 820 2588 saevumque
833 2503 943 2579 securi

280 2608 409 2693 Aspice
423 2609 639 2693 Torquatum.

148 2756 187 2819 L.
203 2774 337 2837 quoque
354 2757 501 2820 Manlius
519 2756 720 2838 Torquatus,
744 2756 776 2819 is
800 2755 860 2837 qui
883 2752 1010 2816 Consul
1034 2767 1112 2814 cum
1137 2749 1241 2816 Gnaeo

147 2856 292 2919 Octavio
309 2856 382 2932 fuit,
398 2857 500 2919 filium
517 2877 624 2935 suum,
639 2866 829 2922 accusatum
846 2875 866 2918 a
881 2853 1106 2918 Macedonum
1121 2851 1241 2935 legatis

147 2956 239 3039 quod
256 2957 291 3019 in
304 2963 454 3038 praetura
468 2959 752 3042 sua-provinciam
762 2958 908 3041 pecunia
923 2957 1119 3040 spoliasset,
1134 2957 1244 3022 vetuit

147 3061 181 3122 in
199 3065 418 3141 conspectum
434 3077 531 3122 suum
546 3060 827 3141 prodire,negans
841 3078 916 3123 eum
927 3057 1034 3122 videri
1043 3058 1103 3121 tali
1113 3058 1244 3138 ingenio

146 3162 252 3223 luisse
269 3158 386 3241 quales
401 3159 473 3240 ejus
488 3160 632 3243 majores
647 3161 812 3225 luissent:
848 3177 949 3240 quam
974 3156 1108 3238 quidem
1131 3165 1243 3221 notam

145 3261 234 3324 filius
250 3270 321 3326 tam
330 3261 453 3327 acerbe
465 3260 549 3338 tulit,
563 3268 601 3324 ut
615 3261 731 3325 eadem
741 3262 840 3320 nocte
850 3274 886 3318 se
901 3255 1024 3337 laqueo
1036 3256 1243 3323 interemerit.

145 3359 201 3422 Ab
228 3362 291 3426 hac
316 3366 417 3445 igitur
442 3362 577 3427 Manliae
607 3361 715 3444 gentis
743 3356 917 3420 severitate
941 3354 1078 3422 credunt
1107 3360 1243 3442 quidam

149 3459 327 3523 Boethium
340 3471 484 3527 nostrum
501 3467 624 3530 dictum
638 3463 744 3526 fuisse
756 3459 969 3523 Severinum:
992 3461 1115 3544 quibus
1130 3470 1243 3525 tamen

145 3577 207 3640 ego
233 3561 410 3640 astipulari
436 3587 500 3628 non
528 3583 685 3648 possum:
723 3584 765 3628 eo
792 3564 883 3646 quod
906 3581 1071 3645 nusquam
1107 3562 1242 3625 videam

146 3678 329 3741 cognomen
353 3662 440 3724 istud
457 3667 544 3744 genti
563 3664 709 3726 ¹Manliae
725 3665 899 3726 tributum:
933 3681 1011 3724 nam
1037 3661 1242 3741 Imperiosos

147 3760 281 3844 quidem
299 3762 449 3825 Manlios
465 3765 552 3844 lego,
569 3765 708 3826 Severos
724 3768 783 3824 aut
797 3761 975 3824 Severinos
991 3780 1055 3822 non
1069 3761 1154 3840 lego.
1200 3763 1243 3826 Et

145 3865 225 3947 quia
251 3863 483 3928 Severinorum
505 3864 667 3928 familiam
690 3863 840 3928 nobilem
863 3869 941 3927 tunc
957 3863 1119 3945 temporis
1138 3862 1242 3930 luisse

147 3972 292 4043 constat,
308 3985 386 4048 quae
401 3972 509 4030 tamen
525 3966 701 4061 nonrperit
716 3965 826 4048 gentis
843 3965 993 4041 Manliae,
1008 3965 1099 4029 malo
1113 3983 1175 4048 ego
1197 3968 1240 4032 ad

147 4067 326 4133 Severinos
349 4068 427 4134 illos
454 4085 575 4135 nomen
595 4066 686 4131 istud
713 4067 843 4134 referre.
889 4067 1037 4133 Fuerunt
1052 4072 1163 4134 autem
1179 4069 1243 4134 hcc
