2790 4800
489 306 844 357 Pflroosounlrurulu.
867 309 891 356 1.

278 447 357 510 Nou
372 447 463 512 illum
476 449 597 528 rabies,
613 451 777 533 minaeque
792 453 909 534 ponti*v
973 470 976 476 ·
1037 471 1041 476 ’

276 547 418 612 Versum
432 548 575 616 funditus
591 553 775 617 excitantis
790 559 952 630 aestum,¹⁷

277 649 310 710 N
313 670 351 713 ec
366 653 470 735 ruptis
485 654 619 735 quoties
632 673 736 736 vagus
752 653 894 717 cuminis

273 748 422 834 Torquet
436 751 604 817 fumificos
617 753 793 818 Vesevus⁸
814 754 919 835 ignes,

270 848 339 914 Aut
352 852 461 917 celsas
477 855 568 917 soliti
587 853 685 918 ferire
700 859 805 916 turres

140 1064 206 1116 tom,·
221 1058 282 1109 isne
291 1074 337 1108 non
348 1059 475 1109 wlieioiit
486 1061 604 1119 ontsuror
614 1063 735 1120 terrorque
744 1058 817 1107 inuris
827 1057 945 1119 ogitontis
954 1053 1057 1108 ιιιιιιιιιοι
1067 1060 1170 1124 imosque
1175 1063 1238 1126 fler·

139 1128 178 1171 tue
187 1137 249 1185 snos,
258 1129 301 1172 ont
316 1138 383 1172 mons
402 1123 523 1183 Verucinr,
533 1138 586 1171 cnm
596 1123 729 1172 inconstans
739 1124 949 1187 emittitjiommor
958 1124 1153 1184 sumentesfocto
1163 1128 1239 1188 exitu,

608 1259 757 1279 ΟΜΝ
760 1260 789 1278 n

176 1356 206 1402 lt
221 1353 229 1380 ⁴
240 1353 304 1403 cod.
320 1354 418 1404 Thoen.
430 1354 536 1418 primus,
544 1355 609 1419 Reg.
621 1365 649 1405 et
661 1363 770 1420 uterque
782 1355 855 1406 Viot.
864 1357 968 1419 legunt:
985 1359 1134 1420 angium
1144 1364 1238 1408 estun:

634 1516 744 1568 NOTAE

140 1626 217 1678 ardor
235 1641 315 1691 prave
327 1628 483 1693 jubentium,
502 1629 563 1679 Nou
581 1631 666 1680 vultus
708 1636 818 1693 propter
830 1629 984 1692 predictam
1002 1601 1257 1695 retinucrmmetnit‘

139 1706 257 1756 instantis
270 1707 374 1771 tyranni
382 1709 473 1758 Mente
484 1708 568 1773 quatit
577 1708 668 1770 relide,
708 1705 830 1770 qui‘sub
843 1705 953 1768 pedibus
965 1705 1039 1756 dedit
1049 1703 1150 1759 famu!
1183 1704 1240 1756 Hn·
1332 1704 1337 1710 ’

139 1795 223 1846 neque
236 1781 333 1831 Auster
347 1783 410 1831 Dux
425 1782 535 1846 inquieti
550 1782 669 1832 turbidus
704 1780 817 1843 jusmodi
828 1781 998 1834 ostVeserus.
1019 1783 1241 1844 Vesevusuuteur,

138 1855 239 1917 nune,
253 1857 311 1906 Nec
322 1855 481 1904 fulminantis
493 1870 586 1918 magna
597 1856 670 1907 Jovir
710 1854 791 1918 quiet
802 1855 939 1919 Vesuvius,
948 1871 1021 1911 urons
1032 1862 1074 1906 est
1091 1855 1239 1921 Campania

139 1948 245 1982 uranus:
262 1931 525 1983 Sifrrctusillebutur
533 1933 671 1996 orbis,1m·
710 1943 793 1994 prope
805 1931 908 1992 Nolam,
919 1946 951 1980 ex
962 1932 1036 1996 cujus
1045 1931 1178 1996 cucumioe
1191 1946 1238 1981 ιω·

139 2007 263 2070 pavidum
273 2005 371 2056 ferient
382 2008 484 2059 ruiuae!
708 2004 765 2069 pius
777 2013 916 2070 erumpunt
930 2007 1013 2072 ignes,
1028 2013 1114 2060 urorte
1130 2020 1238 2071 preser-

172 2089 183 2114 ‘
203 2083 258 2132 Non
276 2081 344 2133 illurn
360 2083 438 2133 mour
455 2084 570 2149 missuque
589 2085 669 2150 ponti]
707 2080 753 2130 tim
765 2081 844 2132 Plinii
855 2080 978 2134 infamem
995 2083 1069 2135 niuut
1086 2083 1154 2135 cuim
1171 2083 1238 2135 cele·

139 2173 160 2212 r.
180 2159 255 2208 Mure
273 2160 355 2209 scutis
377 2162 521 2224 presertim
540 2161 666 2226 agitatum
705 2155 842 2213 bertinum
850 2159 916 2208 hunc
924 2166 1067 2222 auctorem,
1077 2159 1122 2224 qui
1130 2165 1237 2222 coguoe·

139 2234 322 2300 turbatumque
342 2234 408 2285 adeo
427 2237 545 2289 terribile
566 2246 615 2300 est,
636 2245 666 2289 ut
706 2233 782 2285 cendi
800 2235 875 2298 hujm
892 2236 957 2296 iguis
975 2234 1063 2285 studio
1080 2249 1112 2284 eo
1131 2249 1158 2283 se
1175 2250 1237 2287 cou-

138 2310 201 2360 siris
218 2311 298 2360 etium
315 2310 460 2362 fortissimis
479 2320 576 2363 ructum
592 2314 666 2362 iucn·
707 2309 814 2368 tulerat,
822 2307 1059 2373 fumollsmmisque
1068 2308 1128 2363 iuste
1137 2308 1237 2359 emissis

137 2394 196 2437 tere
211 2400 287 2450 posse
304 2387 438 2437 ridentur:
455 2387 524 2437 uude
541 2388 667 2438 Horatius
708 2383 852 2433 extinctum
863 2380 953 2434 fuisse.
983 2381 1074 2444 Hujus
1084 2381 1239 2432 moutisure÷

139 2462 226 2512 Coun.
237 2463 254 2512 l.
266 2475 285 2512 1.
303 2461 357 2512 Od.
369 2466 393 2511 ³.
426 2462 434 2487 ‘
446 2461 489 2513 Illi
507 2461 583 2510 robur
593 2469 621 2511 et
632 2475 668 2510 ers
708 2456 784 2507 ruiuit
793 2455 918 2520 Virgilius
934 2469 966 2506 ιι.
981 2457 1063 2507 Geor.
1074 2469 1113 2506 vs.
1123 2459 1182 2508 224.
1194 2455 1239 2511 ulii

137 2535 235 2599 triplex
249 2536 326 2586 Circe
342 2541 434 2600 pectus
450 2541 515 2598 erut,
529 2536 572 2600 qui
589 2534 667 2599 frngi-
708 2532 766 2596 ejus
780 2530 949 2584 :fertilitatem
969 2529 1150 2582 commendat:
1166 2532 1175 2559 ‘
1191 2533 1239 2582 Te·

136 2612 188 2660 lem
215 2612 280 2662 truci
304 2611 441 2662 Commisit
465 2613 559 2676 pelago
584 2620 667 2662 retem
709 2609 758 2658 lem
775 2607 848 2658 dives
864 2615 921 2657 arat
938 2609 1029 2672 Capua
1045 2613 1073 2656 et
1090 2607 1172 2659 vicine
1187 2609 1239 2658 Ve-

136 2687 255 2740 Primusr
272 2682 586 2752 n'scrimnirpraecipirem
595 2686 667 2739 Afri·
707 2685 928 2748 sevoOrajugo.’
945 2685 1135 2749 Iguerquidem
1144 2677 1238 2736 Vesevi

136 2756 193 2814 cum
206 2765 395 2821 Decertautem
408 2762 589 2830 Aquilonibus,
609 2767 666 2816 Nec
707 2760 785 2813 suut‘
800 2759 907 2810 fumifici
916 2760 936 2810 :’
950 2761 1011 2826 quin
1021 2762 1136 2813 oriuntur
1144 2777 1177 2812 err
1184 2769 1238 2812 ter·

137 2839 223 2890 tristes
246 2841 362 2901 Hyades,
384 2854 434 2889 uec
460 2840 556 2890 rabiem
584 2840 668 2891 Noti.'
707 2838 786 2888 restri
797 2838 970 2902 exhalatione,
983 2854 1040 2903 quae
1053 2841 1173 2905 quamdiu
1187 2849 1239 2896 ter·

136 2913 207 2962 Hinc
217 2912 336 2963 dicuutur
346 2914 355 2942 ‘
367 2913 453 2962 rabies
463 2915 605 2979 miuaeque'
616 2929 668 2964 ms·
707 2914 744 2962 ris
759 2913 858 2964 inclusa
877 2916 1070 2980 constringitur,
1086 2916 1172 2968 fumus
1188 2927 1239 2980 est,

137 2987 189 3035 ris:
206 2986 321 3035 ‘rabies’
336 2985 453 3050 quidem,
464 2989 532 3052 qrrod
544 3003 618 3039 more
628 3005 668 3040 re·
709 2996 736 3039 at
756 2990 863 3041 liberius
882 3007 930 3056 per
941 2993 1002 3044 alirn
1019 2993 1069 3045 iter
1076 3003 1157 3046 ’uncte
1165 2993 1237 3046 flum-

137 3061 192 3111 bidi
202 3059 344 3110 furentisve
360 3061 432 3110 cenis
449 3061 499 3111 huc
515 3070 543 3112 et
556 3064 618 3113 illuc
629 3080 668 3119 ra·
707 3080 775 3117 ruem
792 3068 915 3133 concipit,
930 3071 1019 3123 statim
1029 3079 1147 3134 propter
1161 3071 1239 3132 majo·

137 3137 241 3200 pietur:
257 3139 265 3165 ‘
277 3136 366 3186 minae'
377 3134 448 3198 vero,
464 3138 533 3201 quod
545 3140 667 3190 sublimes
710 3159 763 3194 rem
776 3145 887 3208 partium
897 3150 1091 3197 concretionem
1102 3146 1237 3208 pristinem

137 3210 232 3261 fluctus
249 3218 357 3262 mortem
381 3212 524 3264 intentent:
544 3215 581 3264 ric
598 3217 666 3267 euim
707 3217 771 3270 fumi
790 3219 898 3273 formum
917 3227 1077 3271 resumtum:
1102 3225 1239 3280 propterea

136 3288 231 3352 Virgil.
242 3302 261 3337 r.
273 3287 328 3338 lEu.
338 3303 377 3337 vs.
391 3293 445 3338 loo.
475 3291 482 3319 ‘
497 3290 576 3353 Hinc,
588 3298 666 3356 etque
706 3295 759 3345 ‘ex
769 3295 813 3344 eo’
830 3303 929 3357 moute,
944 3302 975 3345 nt
993 3295 1066 3347 siunt
1083 3293 1238 3344 Conimbric.

136 3365 206 3420 iiiuc,
218 3370 298 3412 vestre
317 3378 393 3426 rupes
411 3364 557 3429 geminique
569 3366 666 3415 urinan-
707 3370 975 3420 Meteoruractau.
984 3383 1043 3432 cup.
1051 3372 1075 3418 3.
1085 3367 1093 3396 ‘
1103 3369 1238 3432 aliquando

137 3438 451 3500 tnrlucoelumscopuli.'
486 3439 666 3505 Atqui‘qnis-
706 3445 789 3492 nubes
808 3443 949 3491 oscendere
967 3442 1024 3491 visu
1041 3448 1091 3504 cst,
1108 3459 1165 3508 quoe
1183 3445 1237 3509 plui

135 3516 191 3580 quir
203 3515 313 3580 pedibus
331 3513 443 3577 subjecit
460 3512 561 3576 intum,'
574 3515 618 3564 ille
628 3518 668 3566 his
708 3517 903 3567 similitudinem
920 3523 948 3567 et
964 3514 1072 3571 formum
1088 3516 1236 3575 referebet'

53 3652 54 3655 Ἴ
135 3593 212 3649 ureris
234 3590 358 3655 periculis
378 3602 429 3638 uon
447 3595 580 3638 movetur:
599 3591 667 3654 quod
709 3591 747 3640 At
759 3591 832 3655 ignes
843 3593 869 3640 tu
881 3607 931 3647 uuo
947 3593 1068 3654 emicunt,
1084 3595 1135 3646 uisi
1152 3598 1236 3661 ruptis

134 3669 189 3719 lraec
201 3668 265 3718 nihil
282 3665 352 3717 eliud
370 3665 433 3728 siut,
451 3679 526 3729 quum
538 3668 668 3730 praesngin
708 3668 824 3730 caminis,
841 3669 894 3719 sive
911 3669 984 3722 exitu
1000 3672 1048 3722 sibi
1061 3670 1149 3724 tacto:
1174 3689 1237 3736 quo·

135 3744 232 3807 mortis,
248 3758 323 3807 quoru
344 3742 388 3793 ille
408 3742 558 3792 coutemnit.
591 3743 666 3792 More
706 3745 776 3797 niem
788 3746 809 3793 si
821 3746 959 3809 exhalatio,
969 3747 1236 3812 predictaignnsub-

136 3826 221 3868 nutem
230 3820 316 3869 vocari
327 3820 334 3846 ‘
347 3815 477 3869 Pontum’
489 3817 545 3881 jum
554 3817 665 3868 diximus
707 3821 820 3871 terranei
827 3822 946 3885 muteris,
954 3823 1022 3873 viam
1030 3823 1173 3876 iuvenisset
1182 3819 1237 3871 lac-

137 3892 204 3942 Mct.
214 3906 247 3944 ιι.
256 3909 295 3944 vs.
305 3898 346 3944 lt.
705 3906 758 3948 tum
767 3912 776 3958 3
791 3897 818 3947 iu
830 3913 905 3951 nurus
922 3899 1008 3962 potius
1025 3898 1143 3956 abiisset,
1160 3907 1237 3956 quem

168 3966 303 4028 Ἥκω]
319 3982 352 4018 ιι.
368 3969 450 4018 Terre
461 3969 549 4030 etism,
559 3983 591 4019 ee
601 3985 665 4033 prae·
704 3972 843 4035 inignem:
862 3974 1002 4037 quodcum
1013 3971 1069 4032 tint,
1085 3965 1237 4027 interrupiis

136 4040 226 4088 sertim
238 4055 295 4101 que
312 4056 382 4093 esuo
395 4044 453 4093 sinu
470 4046 567 4095 emittit
584 4046 666 4107 ignes,
705 4047 814 4108 vicibus,
825 4056 968 4110 propterea
979 4059 1051 4097 mons
1060 4044 1104 4094 ille
1113 4053 1182 4089 nuuc
1194 4054 1236 4089 ro·

137 4114 260 4165 terribilis
287 4120 341 4164 est:
366 4131 450 4180 neque
478 4126 563 4168 tuureu
590 4122 665 4182 huuc,
706 4128 875 4181 osturoneur.
