2790 4800
538 299 687 348 sensuri
716 301 814 347 vius.
1051 365 1054 371 Ι
1178 290 1222 356 37

127 445 223 526 Rege
239 445 470 508 collocaretur.
513 442 644 527 Ipsum,
660 446 741 528 quia
757 448 878 526 paucis
891 447 996 513 multa
1007 448 1156 512 continet
1170 449 1215 515 ad

129 547 205 629 ejus
220 546 323 610 vitam
336 546 504 625 facientia,
519 548 756 631 subJunximus
772 569 781 613 r

216 747 302 811 Ecce
316 747 466 812 Boethus
481 748 578 815 adest
592 750 626 812 in
640 750 730 813 coelo
744 769 895 831 maguus,
907 758 944 813 et
955 753 1045 815 omni

257 849 458 933 Perspectus
473 851 611 926 mundo,
626 852 729 915 mirus
742 851 916 918 habendus
929 852 1041 915 horno.

213 951 283 1030 Qui
296 953 514 1017 Theoderico
533 952 622 1031 Regi
637 951 771 1012 delatus
783 951 912 1031 iniquo,

255 1053 369 1117 Ticini
385 1052 518 1114 senium
534 1050 632 1112 duxit
647 1052 680 1112 in
696 1050 809 1116 exilio.

214 1154 256 1216 Iu
271 1172 339 1234 qua
354 1171 391 1214 se
406 1158 562 1214 moestum
577 1151 689 1215 solans
704 1150 798 1216 dedit
811 1154 891 1216 urbe
905 1153 1072 1235 libellum3

261 1253 348 1316 Post
362 1253 448 1316 ictus
462 1252 588 1334 gladio,
600 1253 684 1317 exiit
697 1272 717 1317 e
731 1252 856 1318 medio.

178 1453 246 1516 Hie
271 1453 347 1516 finis
375 1455 437 1518 viri
466 1455 644 1519 clarissimi
663 1453 738 1532 fuit,
767 1455 824 1537 qui
852 1454 1021 1532 facundie,
1041 1459 1220 1540 probitate,

132 1556 293 1632 doctrina,
323 1556 499 1639 plurimum
534 1556 720 1621 excelluit:
758 1557 898 1620 ultimus
925 1559 1070 1621 omnium
1098 1564 1220 1642 quiex

132 1659 276 1742 antiquis
292 1657 456 1723 Romanis
479 1659 607 1741 aliquid
620 1660 792 1723 literarum
807 1662 1032 1723 monumentis
1048 1681 1226 1725 cousecra-

131 1762 213 1840 rint3
235 1761 365 1843 primus
379 1761 526 1824 omnium
553 1761 611 1841 qui
625 1759 879 1823 Aristotelicam
902 1762 1118 1844 disciplinam
1133 1764 1226 1827 Lati-

132 1864 184 1926 nis
200 1863 310 1925 literis
324 1861 488 1923 illustrare
505 1852 685 1942 coeperint3
708 1866 810 1925 tantae
826 1863 917 1945 apud
931 1872 1085 1946 posteros
1109 1871 1224 1929 aucto-

133 1963 257 2037 ritatis,
278 1967 318 2023 ut
343 1962 385 2023 ab
410 1962 484 2044 eJus
510 1963 680 2026 sententiis
705 1964 796 2028 nulla
820 1965 920 2029 ferme
948 1967 991 2028 sit
1014 1970 1227 2050 provocatio.

136 2061 251 2144 Hujus
275 2068 378 2127 morte
403 2083 556 2146 maguam
585 2084 652 2128 rem
675 2065 857 2144 amisimuS,
878 2074 910 2131 et
928 2068 1053 2133 frustra
1076 2091 1097 2133 a
1112 2071 1225 2135 multis

136 2168 255 2246 postea
276 2170 446 2243 tentatam,
461 2165 615 2230 Platonis
630 2175 664 2230 et
678 2167 870 2232 Aristotelis
886 2172 1110 2247 concordiam,
1126 2166 1227 2254 quam

136 2266 306 2347 utriusque
326 2267 548 2349 Philosophiae
569 2269 795 2351 peritissimus
808 2275 841 2331 et
855 2270 1029 2349 pollicitus
1051 2271 1172 2346 suerat,
1195 2280 1230 2333 et

136 2368 203 2430 nisi
224 2369 326 2431 vitam
349 2369 551 2448 eripuissent
570 2369 729 2448 improbi,
750 2373 910 2448 proestare
936 2369 1029 2430 solus
1049 2372 1229 2449 potuisset.

137 2469 234 2534 Ultio
264 2476 376 2533 tamen
409 2469 510 2550 paulo
539 2475 620 2552 post
647 2470 798 2532 insecuta
827 2475 881 2534 est
909 2468 1080 2532 divinitus.
1138 2469 1228 2535 Nam

137 2572 284 2635 coenanti
299 2570 510 2636 Theoderico
525 2591 600 2635 oum
621 2571 726 2652 piscis
743 2577 846 2654 caput
867 2572 996 2635 illatum
1021 2578 1121 2649 esset,
1136 2575 1231 2637 visus

137 2679 189 2735 est
202 2674 266 2736 sibi
283 2672 363 2738 Rex
383 2674 417 2736 in
432 2692 473 2736 eo
486 2673 598 2738 videre
613 2673 807 2756 Symmachi
819 2674 939 2736 faciem
951 2674 1088 2736 inferius
1100 2675 1230 2738 labrum

136 2774 302 2839 mordicus
325 2775 637 2858 apprehendentem,
652 2775 821 2856 torvisque
843 2775 951 2838 oculis
978 2776 1118 2839 subinde
1133 2777 1230 2839 mini-

137 2881 281 2938 tantem:
312 2896 353 2939 eo
368 2876 562 2957 spectaculo
589 2881 823 2938 consternatus
846 2885 1002 2960 tyrannus
1024 2879 1059 2940 in
1079 2879 1229 2942 morbum

138 2976 270 3051 incidit,
284 2982 327 3051 et,
343 2976 543 3056 simulatque
559 2976 650 3056 quod
675 2976 801 3040 viderat
813 2978 848 3041 id
864 2999 902 3042 se
918 2981 1042 3044 vidisse
1055 2980 1229 3043 coufessus

140 3081 204 3152 est,
229 3077 407 3158 expiravit.
452 3075 526 3139 Ictu
548 3076 718 3158 sanguinis
734 3085 896 3143 mortuum
923 3083 978 3145 sui
1001 3079 1231 3158 divulgarunt:

141 3199 254 3243 verum
268 3177 500 3242 Amalisuenta
512 3178 560 3242 rei
575 3179 724 3257 conscia,
748 3200 822 3245 oum
837 3183 871 3245 in
885 3201 984 3263 regno
1000 3180 1234 3254 successisset,

142 3282 251 3363 patris
266 3289 342 3344 acta
354 3289 467 3344 contra
476 3283 533 3364 jus
548 3289 584 3345 et
598 3282 650 3346 ias
662 3282 794 3348 decreta
807 3285 961 3360 rescidit3
986 3284 1019 3342 ct
1031 3279 1180 3340 Severini
1194 3299 1233 3344 ac

141 3383 331 3467 Symmachi
353 3384 443 3445 bona
464 3383 500 3443 in
518 3382 636 3445 fiscum
651 3384 798 3458 redacta,
820 3401 934 3446 eorum
948 3380 1064 3442 liberis
1078 3380 1231 3460 restituit,

140 3486 262 3567 paucis
277 3484 372 3548 aunis
388 3490 488 3546 antea
503 3502 604 3563 quam
630 3485 820 3547 Belisarius
844 3502 865 3544 a
888 3481 1079 3545 Justiniano
1101 3484 1231 3562 missus,

140 3589 242 3653 ltalia
253 3585 388 3653 Gothos
401 3604 515 3649 omnes
529 3584 667 3666 expulit.
704 3584 812 3647 Porro
828 3583 962 3648 Boethii
974 3585 1070 3648 multi
1084 3585 1231 3650 fuerunt:

140 3693 264 3773 primus
281 3689 430 3763 Stoicus,
443 3686 485 3749 de
500 3704 569 3770 quo
585 3686 785 3750 mentionem
793 3687 873 3750 facit
891 3688 1058 3768 Diogenes
1072 3690 1107 3751 in
1123 3689 1234 3752 Zeno-

141 3793 193 3853 nis
208 3792 311 3856 Vita:
336 3789 502 3855 secundus
518 3787 718 3872 Epicureus,
734 3809 834 3872 quem
851 3789 1051 3854 Plutarchus
1066 3792 1098 3852 ln
1113 3789 1235 3852 Convi-

143 3893 208 3953 viis
232 3894 433 3957 introducit:
457 3893 574 3956 tertius
589 3891 771 3968 Cretensis,
785 3892 981 3957 Aristotelis
996 3891 1179 3960 studiosus,
1201 3893 1236 3946 et

144 3992 196 4052 vir
210 3995 406 4068 consulariS,
423 4013 444 4055 a
460 3994 593 4058 Galeno
610 3996 805 4059 celebratus.
851 3995 982 4058 Praeter
1005 3991 1069 4052 hos
1091 3987 1151 4048 alii
1167 3987 1234 4049 duo

145 4092 281 4154 fuerunt
293 4099 326 4154 et
340 4093 539 4176 Philosophi
563 4097 662 4160 ambo
674 4102 708 4160 et
722 4095 960 4175 Peripatetici,
982 4107 1068 4151 unus
1082 4087 1136 4150 hic
1152 4088 1235 4173 ipse,
