2790 4800
597 265 801 315 semenare.
1200 256 1245 319 15

144 433 189 478 ae
201 414 295 496 plebi
310 411 473 476 Romanae
487 409 685 474 frumentum
703 409 855 474 donavit.
899 407 1036 486 Quanta
1050 431 1128 476 vere
1143 413 1244 478 fuerit

147 516 244 578 illius
258 520 353 578 aetus
370 513 557 590 celebritas,
571 532 616 584 ex
639 531 679 575 ee
701 512 863 595 cognosci
878 519 998 596 petest,
1013 514 1106 596 qued
1122 516 1241 580 heatus

150 616 357 698 Fulgentius,
368 617 424 699 qui
441 622 516 679 tune
532 617 690 698 temperis
704 634 794 680 neva
808 616 1023 680 Trasimundi
1038 617 1167 681 saevitia
1179 638 1241 682 ex-

150 718 324 794 animatus,
339 717 468 780 deserta
493 714 611 780 Africa
632 715 780 781 Romam
795 727 944 794 venerat,
966 738 1125 799 pompam
1147 722 1241 784 illam

149 820 369 902 conspiciens,
384 819 648 884 acclamationes
664 817 816 892 audiens,
831 819 1048 898 ordinemque
1063 837 1168 882 rerum
1182 823 1243 884 ad·

148 921 332 986 mirabilem
357 940 471 984 secum
496 917 708 998 expendens,
728 917 953 978 exclamavit:
978 915 1114 992 ‘Quam
1136 924 1244 1000 speci·

147 1041 209 1087 esa
221 1023 323 1087 debet
337 1040 415 1084 esse
429 1017 621 1082 Jerusalem
635 1017 694 1079 illa
708 1015 872 1093 coelestis,
893 1018 923 1079 si
949 1019 999 1080 sic
1014 1018 1118 1099 fulget
1133 1021 1244 1087 Roma

147 1123 331 1190 terrestris!
355 1126 389 1184 et
404 1119 435 1182 si
450 1119 485 1181 in
498 1119 564 1182 hec
580 1118 705 1181 saeculo
721 1117 819 1181 datur
840 1118 920 1182 tanti
944 1118 1078 1183 honeris
1101 1121 1245 1203 dignitas

148 1223 365 1305 diligentibus
397 1219 586 1295 vanitatem,
618 1217 729 1301 qualis
756 1218 860 1282 hener
888 1226 922 1283 et
946 1222 1052 1303 gloria
1083 1225 1247 1289 tribuetur

151 1324 277 1390 sanetis
291 1319 589 1404 contemplantibus
602 1322 775 1385 veritatem
786 1320 805 1384 !’
847 1321 915 1386 Sed
928 1324 1141 1406 splendorem
1154 1326 1246 1390 illius

151 1432 246 1491 actus
260 1425 425 1506 eleganter
439 1423 615 1506 descripsit
627 1424 701 1506 ipse
717 1423 882 1489 Be'e‘thius
902 1424 1001 1508 hujus
1020 1430 1134 1510 operis
1156 1428 1245 1494 libre

150 1526 308 1603 secunde,
322 1527 381 1590 ubi
396 1525 651 1609 Philosophiam
673 1526 724 1615 sie
746 1527 936 1610 loquentem
961 1528 1159 1594 introducit:
1183 1530 1246 1592 ‘Si

149 1632 224 1714 quis
244 1647 352 1693 rernm
369 1628 559 1692 mortalium
584 1627 715 1691 fruetus
742 1628 848 1690 ullum
872 1628 1090 1691 beatitudinis
1116 1628 1248 1709 pondus

148 1731 262 1808 habet,
278 1731 443 1813 poteritne
472 1729 565 1792 illius
583 1728 747 1790 memoria
768 1728 856 1789 lueis
875 1727 1083 1806 quantalibet
1096 1728 1249 1808 ingruen-

149 1833 232 1896 tium
246 1833 409 1894 maletum
422 1829 510 1891 mele
522 1826 640 1901 deleri,
651 1843 728 1888 eum
744 1824 831 1888 duos
846 1825 968 1907 pariter
983 1825 1147 1892 Consules
1161 1828 1247 1892 libe-

151 1950 208 1994 res
221 1939 300 1993 tues
314 1930 416 1992 deme
428 1927 566 2009 provehi
589 1927 652 1990 suh
674 1927 858 2010 frequentia
883 1933 1023 2010 patrum,
1051 1931 1116 1994 suh
1138 1930 1249 2014 plebis

154 2030 328 2095 alacritate
344 2027 484 2094 vidistit
506 2048 595 2105 cum,
616 2028 739 2093 eisdem
755 2032 789 2094 in
805 2029 909 2094 Curia
923 2032 1057 2097 curules
1077 2032 1247 2098 insidenti·

152 2132 228 2209 hus,
242 2137 279 2196 tu
299 2131 399 2212 regiae
421 2128 532 2194 landis
558 2135 681 2209 orator,
703 2132 826 2214 ingenii
849 2133 983 2214 gloriam
1005 2135 1245 2217 facundiaeque

150 2233 317 2298 meruisti?
340 2252 416 2297 eum
430 2234 463 2296 in
477 2231 576 2297 Circe
595 2232 733 2297 duorum
745 2233 880 2296 medius
901 2232 1082 2297 Consulum
1105 2234 1246 2298 circum-

151 2335 236 2398 fusm
249 2334 472 2397 multitudinis
486 2335 756 2414 expectationem
775 2333 959 2394 consularis
972 2334 1168 2412 triumphali
1183 2334 1248 2397 lar·

154 2434 278 2516 gitiene
303 2431 458 2495 satiasti?
503 2431 678 2494 Secundus
693 2428 830 2492 Boethii
842 2431 945 2494 nostri
960 2431 1250 2498 conmrlatusinci·

155 2535 206 2599 dit
226 2535 260 2598 in
286 2552 410 2598 annum
433 2530 557 2595 Christi
575 2547 642 2594 ex.
664 2531 863 2595 Theoderici
885 2531 991 2615 Regis
1009 2548 1124 2596 xviii.
1169 2534 1251 2600 Hee

152 2657 238 2701 anne
253 2636 417 2702 Boethius
443 2635 570 2700 Consul
591 2636 852 2718 praedicamenta
872 2633 1063 2699 Aristotelis
1084 2657 1251 2702 cemmen-

153 2741 247 2802 tariis
262 2741 430 2803 illustrare
446 2758 622 2820 aggressus
646 2743 705 2800 est.
749 2737 908 2800 Testatur
929 2736 962 2799 id
982 2738 1055 2820 ipse
1079 2740 1176 2805 initio
1196 2743 1251 2804 sui

153 2837 401 2904 Commentarii.
445 2839 566 2915 ‘Etsi'
588 2838 710 2919 inquit,
734 2841 815 2900 ‘nes
832 2857 918 2902 curae
942 2838 1041 2904 efficii
1062 2843 1250 2907 consularis

153 2939 420 3019 impediuntque
435 2940 543 3001 minus
558 2940 592 3000 in
606 2939 660 3001 his
677 2938 797 3002 studiis
812 2959 908 3003 omne
920 2942 1035 3020 etium,
1051 2944 1250 3029 plenamque

159 3055 296 3118 operam
317 3056 566 3115 consumamus,
589 3041 746 3122 pertinere
761 3047 871 3104 tamen
886 3043 1022 3108 videtur
1041 3046 1084 3108 ad
1106 3047 1252 3126 aliquam

159 3137 369 3221 Reipublicae
383 3159 507 3218 euram,
524 3142 727 3207 elucubratae
740 3144 786 3207 rei
802 3143 955 3210 doctrina
964 3148 1060 3210 cives
1070 3147 1253 3225 instruere3

157 3258 218 3301 nec
231 3241 316 3302 male
332 3240 373 3303 de
388 3243 518 3306 civibus
533 3245 617 3307 meis
632 3265 758 3310 merear
783 3248 825 3323 si,
845 3268 923 3311 curn
950 3248 1063 3327 prisca
1086 3247 1254 3311 hominurn

158 3340 263 3402 virtus
277 3341 407 3402 urbium
421 3350 604 3407 ceterarum
628 3347 663 3407 in
684 3346 772 3408 hanc
795 3366 898 3408 unam
920 3345 1177 3426 Rempublicam
1193 3349 1254 3412 im-

156 3441 288 3523 perium
314 3442 531 3518 transtulerit,
556 3465 632 3523 ege,
664 3447 700 3508 id
726 3449 848 3508 saltem
877 3445 968 3526 qued
998 3447 1159 3530 reliquum
1192 3458 1255 3527 est,

157 3542 288 3608 Graecae
305 3543 480 3624 sapientiae
499 3546 627 3607 artibus
639 3565 748 3608 meres
760 3553 885 3610 nestrae
898 3547 1042 3612 civitatis
1056 3551 1254 3615 instruxero.

158 3643 270 3722 Quare
284 3665 325 3708 ne
343 3645 408 3709 hec
430 3645 563 3727 quidem
587 3646 700 3728 ipsum
724 3645 879 3711 Consulis
902 3657 1001 3715 vacat
1023 3651 1154 3733 efficie;
1178 3674 1254 3717 curn

160 3747 306 3811 Romani
331 3749 433 3812 meris
457 3767 589 3831 semper
613 3749 724 3828 fuerit,
755 3751 845 3834 qued
873 3752 1077 3836 ubicumque
1106 3757 1255 3836 gentium

160 3849 411 3926 pulcherrimum
436 3860 529 3913 esset
556 3856 655 3933 atque
680 3853 862 3929 laudabile,
883 3852 918 3916 id
945 3855 1053 3936 magis
1077 3875 1117 3917 ac
1142 3854 1257 3931 magis

162 3945 338 4011 imitatione
365 3949 559 4014 honestare?
611 3951 795 4016 Judicabat
826 3954 914 4017 enim
943 3955 1165 4035 gravissimus
1197 3953 1256 4030 vir,
1286 3941 1289 3949 ’

164 4061 230 4105 nen
244 4066 344 4126 pesse
359 4070 380 4112 a
391 4070 427 4112 se
443 4059 591 4133 tempus,
603 4055 695 4134 qued
711 4054 1088 4135 aRepuhlicavaeuum
1101 4052 1255 4132 habebat,
