2790 4800
153 285 198 353 22
353 357 358 366 ,
592 300 642 344 r.
670 286 794 344 suurn

195 442 345 509 Primum
360 461 440 526 ergo
464 423 684 527 Conigastum
701 447 901 507 >exactorem
925 428 1095 527 repressit,
1111 440 1249 508 misero·

152 539 225 612 rum
240 544 367 610 civium
390 539 544 609 fortunas
566 544 691 626 nefarie
713 543 935 623 invadentem,
960 563 1066 628 neque
1088 544 1124 611 id
1149 542 1250 608 semel

152 653 284 713 tautum
298 639 382 711 fecit
397 631 460 710 suo
471 643 665 725 consulatu,
693 644 753 710 s'e'd
773 646 912 730 saepius.
956 647 1084 712 Postea
1104 645 1249 729 Triguil-

152 749 233 827 lam,
248 749 352 832 regim
366 747 485 814 domus
498 749 707 834 praefectum,
732 749 777 813 ab
800 748 949 832 incepta,
967 748 1107 832 jamque
1130 766 1251 832 perpe·

150 855 242 916 trata
254 850 379 936 injuria
391 851 570 917 revocavit.
614 851 713 917 Bona
734 851 766 916 et
781 850 945 932 innocuos
969 851 1075 926 circe,
1096 869 1184 933 quos
1200 849 1251 913 in-

151 952 257 1019 finitis
271 954 447 1019 calumniis
461 951 595 1019 effrenis
616 953 801 1020 Gothorum
823 953 965 1018 avaritia
980 952 1180 1029 divexabat,
1191 953 1251 1016 ob-

148 1057 244 1144 jecta
256 1060 416 1144 periculis
430 1060 576 1124 nominis
594 1061 646 1123 sui
660 1060 862 1124 'auctoritate
876 1058 1033 1141 protexit.
1075 1055 1250 1120 Prouinci-

144 1158 257 1226 elium
282 1180 420 1244 ‘quoque
447 1162 596 1226 fortunas
621 1161 761 1245 privatis
785 1160 1020 1243 praefectorum
1049 1157 1177 1241 rapinis
1216 1165 1252 1224 et

145 1259 299 1345 'publicis
311 1262 536 1346 vectigalibus
550 1262 774 1347 pessumdari,
797 1260 889 1345 apud
917 1261 1044 1344 Regem
1066 1259 1251 1324 Theodori-

145 1357 230 1427 ‘cnm
250 1366 393 1446 questus
415 1370 479 1429 est.
524 1362 676 1446 Cumque
698 1364 819 1428 acerba
846 1364 933 1427 fame
958 1362 1118 1440 fervente,
1141 1361 1251 1444 gravis

14 1491 18 1511 ·
58 1503 59 1507 =
148 1466 256 1548 'atque
270 1465 519 1548 inexplicabilis
544 1464 674 1529 indicta
693 1464 838 1530 co'emtio
861 1463 1079 1547 profligatura
1104 1463 1251 1546 Campa-

155 1566 246 1632 niam
259 1569 468 1653 provinciam
481 1567 662 1646 videretur,
677 1568 750 1651 ipse
766 1567 954 1631 communis
969 1567 1135 1631 commodi
1148 1585 1252 1630 causa

155 1652 327 1736 certamen
341 1671 503 1737 adversus
524 1671 723 1756 praefectum
747 1669 900 1754 praetorii
915 1669 1077 1753 suscepit,
1097 1673 1132 1733 et
1157 1667 1252 1751 Rege

152 1769 232 1853 ipso
259 1776 482 1854 cognoscente
506 1792 569 1860 pro
586 1772 775 1858 'Campanis
801 1773 919 1836 acriter
941 1770 1127 1848 contendit,
1147 1777 1182 1833 et
1206 1790 1251 1835 nc

152 1859 374 1938 eo'emtioill‘a
387 1877 587 1955 exigeretur,
598 1876 759 1940 orationis
775 1895 846 1941 snae
856 1876 891 1940 vi
902 1869 1022 1939 effecit.
1044 1872 1252 1959 Paullinum,

153 1972 365 2036 consularem
377 1975 496 2050 virum,
512 1975 612 2057 cujus
627 1995 711 2057 opes
733 1977 899 2042 Palatinae
914 1975 1081 2040 hirudines
1100 1975 1174 2058 jam
1189 1993 1251 2058 spe

148 2069 258 2156 ”atque
278 2071 389 2137 an'imo
406 2082 626 2153 exsuxerant,
646 2077 802 2140 faucibus
827 2084 1060 2140 accusatorum
1086 2076 1253 2141 famelicis

152 2172 288 2258 cripuit.
341 2173 503 2267 Albinum
528 2195 673 2261 quoqne,
699 2183 734 2242 et
758 2178 872 2260 ipsum
896 2178 1004 2242 virum
1030 2177 1252 2255 consularem,

154 2275 316 2361 Cypriani
330 2275 491 2343 delatoris
506 2281 723 2345 accusatione
739 2299 902 2363 pressum,
924 2279 1074 2346 defendit
1092 2279 1252 2359 Veronae,

150 2376 303 2443 derivato
318 2377 419 2465 etiam
432 2378 518 2444 inse
538 2379 697 2464 Cypriani
712 2382 811 2448 edio:
835 2402 978 2466 cumque
993 2381 1072 2447 Rex
1092 2383 1167 2466 ipse
1180 2402 1252 2447 ma-

148 2478 287 2564 lestatis
302 2479 426 2544 crimen
440 2476 475 2543 in
483 2479 646 2545 Albinum
661 2484 823 2563 delatum,
835 2485 879 2550 ad
889 2487 1080 2549 uniuersum
1094 2485 1252 2549 Senatum

145 2578 331 2646 ‘transferre
347 2586 534 2659 conaretur,
546 2581 735 2665 faceretque
749 2605 812 2666 pro
828 2604 896 2647 uno
911 2605 991 2647 reos
1010 2586 1137 2665 plures,
1162 2585 1252 2648 Boc'-

146 2673 244 2745 thius
257 2685 366 2745 noster
380 2683 504 2765 ingenti
519 2703 593 2749 cum
609 2683 800 2748 securitatis
821 2703 892 2749 suec
919 2683 1067 2766 periculo
1089 2683 1253 2749 Senatum

146 2801 289 2848 ‘omnem
299 2783 497 2865 gravissima
513 2785 666 2850 oratione
679 2784 837 2851 defendit.
880 2783 947 2859 Sed
961 2781 1138 2847 audiamus
1158 2785 1253 2865 gesta

146 2902 177 2947 >a
199 2898 237 2948 se
260 2882 293 2947 in
319 2901 382 2947 suo
408 2888 587 2951 consulatu
614 2887 806 2952 referentem
830 2884 1033 2951 Boethium:
1053 2885 1252 2968 ‘Susceptae

155 2981 234 3049 s'unt
248 2985 335 3049 mihi
345 3004 422 3049 cum
432 2987 599 3069 *improbis
614 3002 734 3070 graves
748 2989 1039 3070 inexorabilesque
1055 2986 1250 3054 discordiae:

146 3087 199 3167 et,
215 3087 307 3171 quod
319 3089 537 3153 conscientiae
548 3089 689 3154 libertas
702 3091 820 3168 habet,
832 3109 893 3171 pro
908 3087 1031 3152 tuendo
1042 3086 1116 3170 jure
1138 3085 1253 3170 spreta

145 3188 378 3273 potentiorum
393 3192 526 3274 semper
540 3189 692 3255 offensio.
737 3190 880 3268 Quoties
897 3207 960 3271 ego
976 3185 1201 3270 Conigastum
1217 3191 1251 3256 in

55 3300 59 3307 ’
152 3291 331 3358 imbecillis
347 3291 511 3383 cujusque
523 3292 677 3359 senonas
694 3293 855 3374 impetum
869 3291 1044 3355 facientem
1059 3293 1179 3382 obuius
1193 3313 1251 3358 ex·

144 3392 245 3470 cepi!
299 3393 441 3471 Quoties
463 3393 664 3479 Triguillam
693 3394 794 3475 regiae
816 3387 1045 3476 praepositum
1060 3393 1182 3459 domus
1208 3397 1250 3460 ab

149 3489 286 3572 incepta
310 3501 571 3582 perpetrataque
583 3498 657 3581 jam
668 3515 807 3580 prorsus-
819 3494 941 3581 injuria
955 3495 1082 3579 dejeci!
1106 3496 1250 3574 Quoties

138 3589 304 3670 miseros,
339 3615 426 3678 quos
452 3599 597 3663 infinitis-
620 3593 795 3664 calumniis
824 3597 992 3678 impunita
1025 3590 1250 3662 Barbarorum

152 3709 283 3775 semper
298 3696 441 3759 avaritia
451 3701 616 3774 ‘vexabat
635 3698 770 3779 objecta
784 3696 948 3778 periculis
961 3696 1164 3763 'auctoritate
1175 3714 1251 3778 pro-

151 3793 242 3858 texi!
287 3793 471 3879 Nunquam
495 3818 550 3861 me
577 3799 622 3862 ab
641 3797 717 3881 jure
741 3796 783 3861 ad
808 3799 961 3884 injuriam
984 3790 1164 3882 quisquam
1189 3798 1248 3863 de-

139 3899 263 3966 traxit.
306 3895 572 3964 Prouincialium
591 3888 739 3964 fomanus
754 3909 825 3965 tum
850 3902 993 3987 privatis
1005 3898 1154 3981 rapinis,
1167 3903 1249 3966 'tum

146 4000 529 4085 publicisvcctigalibus
544 3996 764 4087 pessumdari,
790 4025 859 4069 non
882 4004 976 4068 aliter
991 4016 1090 4083 quam
1104 4003 1164 4086 qui
1189 4023 1249 4088 pa·

150 4100 325 4184 tiebantur,
354 4104 495 4170 indolui.
549 4105 635 4171 Gum
667 4107 799 4173 acerboe
827 4105 926 4172 famis
952 4109 1112 4187 »tempore
1135 4106 1247 4188 gravis
