2790 4800
160 247 203 310 16
615 264 645 308 r.
673 261 799 310 nanrrr

158 405 275 468 melius
291 403 448 465 collocari
463 421 564 484 quam
586 402 614 462 si
630 401 711 463 illud
727 401 950 465 maximorum
975 404 1136 482 virorum,
1154 403 1252 482 Cato-

156 505 220 578 nis,
250 502 298 565 M.
322 503 436 578 Tullii,
466 504 615 577 Senecae,
642 501 849 584 aliorumque
878 505 1048 585 exemplo,
1074 504 1252 586 sapientiae

158 605 289 682 studiis,
304 609 403 687 atque
418 603 616 668 Aristotelis
630 605 790 686 inprimis,
808 604 1089 687 Philosophorum
1104 608 1254 684 maximi,

156 705 303 782 lectioni,
328 705 485 783 versioni,
510 709 610 788 atque
636 703 857 785 explicationi
884 706 1051 769 tribueret.
1102 708 1191 771 Nam
1220 716 1254 772 et

156 810 231 893 ipsc
251 829 272 894 a
286 809 394 890 prima
409 812 506 872 aetate
519 806 587 869 illis
602 805 723 869 studiis
737 805 847 868 fuerat
861 806 1062 882 delectatus,
1081 816 1116 870 et
1131 810 1253 875 intelli·

155 913 265 992 gebat,
281 910 363 975 nihil
385 928 543 991 essequo
568 927 665 990 aeque
688 908 832 970 humana
850 925 945 971 mens
964 909 1121 988 gaudeat,
1148 925 1251 992 atque

155 1013 223 1076 veri
239 1012 403 1093 cognitio:
426 1018 460 1075 et
472 1009 642 1092 sperabat,
659 1007 847 1071 Romanam
859 1008 1063 1091 juventutem
1075 1031 1137 1073 sua
1148 1032 1252 1093 opera

155 1113 198 1177 ad
213 1114 358 1197 priscam
369 1113 462 1176 illam
478 1113 634 1176 virtutem
649 1129 753 1192 posse
769 1111 924 1176 excitari.
969 1110 1129 1175 Habebat
1140 1120 1251 1176 autem

152 1215 384 1279 bibliothecam
401 1213 600 1295 optimorum
625 1211 798 1293 utriusque
826 1210 946 1292 linguae
970 1211 1126 1276 librorum
1149 1216 1252 1296 copia

155 1313 458 1390 instructissimam,
473 1312 570 1394 cujus
586 1314 733 1395 parietes
752 1313 849 1375 ebore
870 1332 910 1376 ac
930 1314 1018 1377 vitro
1043 1316 1145 1378 comti
1167 1318 1250 1381 nite-

153 1419 246 1492 bant,
269 1433 376 1498 neque
400 1415 435 1478 in
460 1432 596 1478 carcere
623 1421 746 1496 postea
772 1414 953 1497 quicquam
978 1416 1054 1479 tulit
1078 1419 1248 1483 molestius

153 1537 254 1602 quam
268 1516 358 1601 quod
372 1535 414 1580 ea
436 1535 547 1581 carcre
558 1514 736 1601 debuerit:
760 1515 925 1596 quocirca
949 1517 1024 1599 ipse
1041 1538 1115 1582 cum
1138 1520 1251 1585 Philo-

153 1620 274 1705 sophia
289 1637 351 1683 sua
364 1616 405 1681 de
419 1619 483 1684 hac
498 1637 533 1680 re
552 1605 603 1680 ita
611 1615 647 1679 in
657 1616 787 1680 catenis
800 1618 1010 1700 conqueritur
1023 1639 1031 1682 :
1047 1619 1249 1698 ‘Haeccine’

150 1723 269 1806 inquit,
292 1725 364 1785 ‘cst
378 1720 586 1786 bibliotheca
606 1718 666 1784 illa
688 1737 788 1801 quam
811 1719 1035 1785 certissimam
1051 1721 1113 1787 tibi
1136 1722 1248 1787 sedem

150 1823 272 1888 nostris
301 1824 337 1885 in
361 1823 488 1886 laribus
514 1822 592 1904 ipsa
621 1819 817 1902 delegerast
832 1820 886 1883 xin
911 1809 979 1902 qua
1001 1842 1132 1886 mecum
1155 1843 1247 1907 saepe

149 1924 295 1986 residens
317 1920 359 1984 de
385 1920 570 1984 divinarum
592 1922 875 2004 humanarumque
900 1943 1006 1987 rerum
1026 1925 1166 1989 scientia
1181 1926 1247 1989 dis-

155 2023 289 2087 serebas
298 2019 325 2082 ‘t'

196 2121 302 2185 Hisce
317 2120 417 2204 igitur
429 2115 595 2203 praesidiis
619 2121 801 2183 instructus
825 2120 991 2186 Boiithius
1018 2143 1149 2189 omnem
1167 2129 1247 2191 Phi-

149 2224 339 2308 losophiam
363 2223 493 2287 Latinis
515 2221 621 2286 literis
643 2221 808 2286 illustrare
835 2223 1035 2288 instituerat.
1078 2226 1134 2290 Sic
1158 2230 1246 2292 enim

151 2328 282 2394 scribit:
306 2327 397 2408 ‘Ego
411 2344 508 2390 omne
522 2321 715 2390 Aristotelis
726 2344 811 2408 opus
828 2323 1064 2410 quodcumque
1076 2326 1112 2391 in
1126 2349 1246 2394 manus

151 2432 287 2508 venerit,
300 2430 336 2494 in
353 2430 542 2494 Romanum
557 2428 685 2510 stylum
701 2432 842 2505 vertens,
864 2446 978 2491 eorum
988 2430 1132 2493 omnium
1156 2452 1247 2496 com·

149 2539 260 2597 menta
279 2530 401 2595 Latina
424 2530 575 2594 oratione
599 2530 824 2611 perscribam:
848 2536 884 2592 ut
905 2529 1017 2613 siquid
1041 2551 1084 2595 ex
1105 2531 1243 2613 Logicae

150 2633 230 2696 artis
254 2626 447 2709 subtilitate,
471 2631 592 2695 velex
617 2629 758 2692 Moralis
782 2630 943 2710 gravitate
968 2631 1107 2712 peritiae,
1142 2638 1243 2695 etex

149 2731 327 2797 Naturalis
343 2733 495 2797 acumine
510 2732 672 2808 veritatis,
688 2731 731 2794 ab
746 2728 929 2796 Aristotele
951 2729 1164 2813 perspicuum
1179 2741 1242 2810 est,

150 2834 184 2897 id
208 2853 306 2899 omne
331 2833 513 2898 ordinatum
541 2834 746 2912 transferam,
771 2841 873 2917 atque
892 2832 927 2896 id
954 2832 1098 2914 quodam
1122 2834 1242 2898 lumine

151 2934 466 2999 Commentariorum
480 2934 660 2999 illustrem’

192 3037 270 3101 Hac
284 3035 342 3100 ille
354 3037 561 3100 contentione
576 3037 680 3098 multa
694 3035 729 3098 in
744 3035 902 3099 universa
917 3035 1139 3120 Philosophia
1152 3040 1240 3103 vele

148 3138 279 3206 Graecis
294 3137 403 3213 vertit,
419 3134 473 3198 vel
489 3135 561 3218 ipse
577 3134 694 3198 Latine
711 3135 855 3218 scripsit.

527 3319 566 3367 ΙΝ
594 3318 739 3366 LOGlClS
764 3319 867 3367 1S'rA:

145 3435 203 3501 Ad
218 3438 384 3522 Isagogen
404 3439 578 3524 Porphyrii
593 3437 696 3502 libros
714 3454 752 3500 rr.

146 3536 313 3600 Secundae
328 3543 479 3605 editionis
494 3542 612 3606 librum
630 3561 654 3606 1.

146 3638 187 3701 In
203 3636 396 3719 Categorias
413 3639 601 3704 Aristotelis
614 3643 673 3704 lib.
692 3659 730 3702 rr.

146 3743 186 3809 In
202 3740 323 3804 librum
338 3740 399 3826 περὶ
414 3739 554 3824 ἑρμηνείας
575 3741 633 3802 lib.
652 3757 677 3802 1.

144 3844 310 3908 Editionis
324 3843 481 3908 secundae
495 3841 600 3916 libros
617 3858 666 3902 vr.

146 3947 199 4011 De
217 3946 395 4010 Divisione
408 3945 527 4009 librum
541 3959 564 4004 1.

142 4047 199 4111 De
216 4048 477 4114 Definitionibus
490 4046 610 4108 librum
627 4060 650 4104 r.
