2790 4800
192 279 236 341 aa
529 290 559 334 a.
584 287 712 335 runnu
739 287 944 334 annulare.

135 396 158 433 u
200 452 206 486 ι
237 432 369 511 Quibus
399 430 429 493 si
457 435 575 493 sextus
607 427 810 493 accessisset
835 425 877 490 de
904 427 975 492 vita
1000 433 1136 508 aetema,
1161 430 1195 494 in
1218 452 1286 516 quo

193 534 407 609 ostendisset,
434 531 604 596 advitam
629 530 721 594 illam
747 528 1027 600 contendentibus
1050 530 1190 597 terenda
1211 552 1287 599 esse

191 636 296 705 multa
309 634 463 710 adversa,
483 632 640 716 exemplo
666 630 803 708 Christi,
828 629 1083 713 Prophetarum,
1107 631 1288 719 Apostolo-

192 757 276 815 rom,
289 737 488 801 haberemus
500 733 636 817 plenam
651 738 684 797 et
705 737 970 797 consummatam
995 733 1156 801 adversus
1178 736 1291 809 omnia

146 885 147 888 =
192 839 291 924 hujus
304 837 385 904 vitae
398 837 489 902 mala
504 835 787 902 consolationem.

143 943 156 956 '
237 941 371 1018 Habes,
385 938 608 1004 Nobilissime
628 936 651 1001 J
653 937 780 1014 naenia,
802 955 845 1003 aa
860 954 938 1019 quae
953 934 997 1000 ad
1012 938 1186 1003 aureolum
1200 941 1290 1008 hunc

195 1042 332 1108 boethii
344 1041 495 1107 libellum
510 1038 741 1125 praemitteuda
755 1038 850 1111 duxi.
895 1037 984 1104 Haec
1006 1045 1119 1103 autem
1142 1042 1205 1105 sub
1231 1048 1292 1108 tuo

194 1146 328 1213 nomine
343 1143 478 1225 publice
502 1141 655 1226 conspici
670 1139 776 1219 volui,
801 1145 838 1203 ut
852 1145 986 1204 extaret
1009 1139 1151 1222 aliquod
1165 1143 1231 1207 mei
1255 1145 1292 1207 in

195 1255 231 1312 te
247 1245 401 1321 affectus,
414 1243 637 1326 amicitiaeque
658 1244 702 1306 ah
719 1247 860 1324 utroque
879 1261 955 1319 avo,
971 1248 1133 1326 patreque
1148 1244 1294 1327 iusuper,

195 1354 230 1413 et
244 1352 376 1431 patruo,
397 1344 479 1409 viris
501 1345 592 1407 omni
616 1344 814 1408 saeculorum
839 1344 1001 1408 memoria
1015 1330 1233 1427 dignissimis,
1247 1346 1293 1412 ad

195 1453 348 1530 tausqne
367 1465 443 1510 cum
466 1463 547 1510 vero
561 1445 657 1509 cultu
681 1442 853 1521 derivatae,
879 1446 1114 1511 testimonium.
1158 1447 1197 1514 Si
1217 1447 1292 1531 jam

195 1550 271 1616 haee
284 1548 362 1612 usui
375 1533 442 1612 non
456 1551 541 1623 sunt,
553 1545 736 1630 proderunt
749 1545 837 1610 forte
850 1546 939 1610 olim.
971 1545 1053 1613 Non
1068 1550 1169 1614 dehet
1179 1557 1293 1617 autem

196 1657 230 1718 te
244 1648 409 1715 offendere
424 1647 515 1732 quod
528 1653 642 1731 partes
657 1647 798 1714 docendi
812 1646 976 1713 Boethius
996 1650 1125 1716 tribuat
1138 1651 1295 1718 Philoso-

196 1754 309 1838 phiae,
330 1769 438 1835 neque
454 1749 544 1815 enim
559 1751 611 1817 vel
633 1749 778 1815 alienum
791 1754 844 1814 est
866 1769 887 1813 a
910 1748 1138 1834 Philosophiae
1157 1772 1294 1818 munere

197 1859 340 1921 tractare
356 1871 409 1919 res
422 1851 574 1934 divinas3
595 1853 652 1917 vel
667 1852 839 1936 proprium
852 1851 927 1935 ejus
941 1859 1085 1919 tractare
1100 1859 1228 1920 tantum
1238 1875 1295 1921 res

198 1958 366 2042 profanas.
412 1952 531 2017 Omnis
551 1954 621 2018 veri
646 1954 875 2019 consideratio
903 1955 1049 2038 partinet
1070 1956 1114 2021 ad
1139 1956 1296 2022 Philoso-

198 2059 336 2143 phums
365 2053 633 2138 Philosophatur
656 2054 824 2137 Physicns
857 2055 899 2119 de
933 2057 1034 2120 rebus
1068 2057 1295 2142 naturalibus3

198 2160 338 2227 Ethicus
365 2157 408 2226 de
440 2157 610 2237 moribus3
653 2154 916 2222 Mathematicus
959 2156 1003 2221 de
1032 2159 1298 2242 quantitatibus3

199 2259 457 2345 Mataphysious
482 2257 525 2324 de
551 2258 884 2342 supernaturalibus3
915 2258 1108 2342 Theologus
1128 2259 1172 2325 de
1196 2263 1298 2328 rebus

200 2364 336 2431 divinis.
386 2361 495 2427 Nulla
520 2360 593 2431 veri
613 2360 845 2428 consideratio
882 2380 903 2427 a
932 2361 1140 2446 Philosopho
1178 2362 1299 2441 alienu,

199 2467 293 2531 nulla
318 2486 384 2530 nou
404 2463 480 2548 ejus
502 2461 640 2546 proprie
664 2468 731 2528 est.
757 2462 1036 2547 .Philosophatur
1061 2463 1200 2543 Paulus,
1223 2464 1298 2547 phi·

199 2566 419 2648 losephantur
433 2563 635 2647 Prophetae:
668 2565 743 2646 ipse
767 2560 866 2635 ctiam
894 2565 1060 2630 Dominus
1074 2567 1300 2638 nestoriudl-

202 2665 289 2731 vinis
304 2666 373 2731 suis
386 2672 419 2732 et
432 2666 633 2738 salutatibus
647 2664 865 2735 concionibus
880 2665 1147 2749 philosophatur.

207 2830 211 2835 ,
246 2765 334 2845 Quae
352 2788 428 2833 cum
444 2769 493 2833 ita
515 2769 593 2847 sint,
615 2767 736 2850 cogita,
751 2765 1010 2850 Philosophiam
1035 2769 1194 2844 nostram,
1215 2765 1298 2839 dum

203 2868 364 2943 adversus
379 2868 481 2958 animi
496 2868 731 2952 aegritudinem
743 2867 890 2933 remedia
904 2867 1073 2953 proponit,
1083 2866 1220 2952 proprio
1236 2887 1300 2938 suo

203 2970 297 3052 iungi
311 2988 464 3048 munere3
498 2977 532 3035 et
554 2970 738 3035 Boethium
757 2975 908 3037 nostrum
931 2970 1061 3035 aestima
1083 2969 1139 3035 vel
1160 2976 1300 3054 propter

201 3092 254 3151 se,
269 3071 324 3136 vel
335 3075 468 3157 propter
480 3091 546 3149 me,
559 3074 615 3138 vel
630 3081 768 3158 propter
786 3073 932 3149 remedia
954 3073 1120 3140 adversus
1135 3072 1299 3158 ancipites

202 3177 358 3247 bumanae
372 3174 452 3243 vitae
466 3192 576 3243 casus.
598 3173 698 3250 Vale.
