2790 4800
496 260 752 311 ruinosornrn
777 260 852 309 urs.
876 261 900 310 1.
1201 247 1244 315 87

151 424 260 470 mores
275 403 467 467 lacessitam
491 404 652 487 periculis
668 424 744 468 esse
759 405 983 488 sapientiaml
1015 404 1134 470 Nonne
1149 407 1242 489 apud

149 511 296 569 veteres⁸
327 523 471 586 quoque,
497 511 572 569 anto
595 505 703 569 nostri
728 505 881 569 Platonis
906 502 1065 583 aetatem,¹'
1084 516 1241 586 magnum

150 626 243 690 saepe
278 613 441 672 certarnen
477 627 553 670 oum
588 608 742 673 stultitiae
772 608 957 673 temeritate
989 607 1192 673 certavimus
1205 608 1239 671 l‘

150 710 334 792 eodemque
360 710 543 791 superstite,
576 714 765 792 praeceptor
790 711 865 796 ejus
903 710 1078 776 Socratesc
1104 709 1240 792 injusta

148 811 322 874 victoriam
337 812 451 876 mortis
470 831 524 876 me
540 817 694 876 astante“
725 811 931 894 promeruitl
963 806 1069 893 Cujus
1092 809 1234 875 haeredi÷

179 977 426 1042 ‘parsimonia
501 979 694 1042 -raruopia

641 1115 748 1166 Norffi

144 1212 249 1276 solaque
267 1214 323 1263 late
341 1213 463 1262 Fortuna
482 1227 572 1262 secura
586 1212 670 1263 nitet'
711 1212 810 1276 pientia
824 1213 891 1262 malo
908 1212 987 1262 etiam
1003 1219 1116 1276 excepta
1133 1210 1199 1262 tuit:
1216 1213 1239 1276 si

146 1288 296 1337 Lacessitur
317 1295 424 1337 tamen:
454 1288 572 1352 quoniam
594 1289 673 1338 dictis
712 1289 813 1353 quidem
830 1289 907 1337 Solon
918 1287 1091 1347 Atheniensis,
1102 1286 1240 1351 Anaxago·

144 1359 255 1411 saetisve
273 1362 396 1426 improbis
412 1371 584 1426 provocatur:
602 1366 670 1428 quod
712 1381 762 1429 ras,
772 1373 799 1415 et
811 1367 973 1430 Pythagoras
983 1365 1007 1413 in
1018 1366 1122 1416 exilium
1135 1365 1187 1415 acti
1199 1364 1238 1414 fu-

143 1437 259 1486 lacessiri
272 1445 312 1487 est
322 1455 329 1487 :
341 1438 409 1488 unde
417 1439 506 1503 Virgil.
516 1441 571 1490 Ecl.
582 1455 624 1491 ιιι.
630 1456 669 1492 vs.
711 1450 799 1490 crantr
818 1442 888 1490 Zeno
899 1455 961 1490 vero
973 1439 1078 1490 Eleates
1087 1441 1180 1504 aliique
1192 1455 1238 1504 op·

144 1515 185 1561 51.
202 1512 334 1563 ‘Efficiam
351 1515 459 1578 posthac
475 1530 508 1564 ne
525 1531 669 1580 quenquam
711 1519 766 1567 timi
776 1517 824 1566 viri
837 1515 1053 1567 niortedamnati:
1066 1515 1109 1563 sed
1119 1514 1238 1578 ejusdem

144 1589 347 1640 vocelacessas!
379 1592 472 1657 Sicqne
486 1593 608 1643 lacessita
619 1594 669 1644 fnit
709 1593 826 1642 Platonis
838 1597 986 1655 praeceptor
996 1590 1131 1639 Socrates:
1145 1597 1173 1638 ut
1185 1596 1238 1639 sta·
1264 1625 1266 1631 .

143 1665 250 1729 primum
262 1668 364 1731 quidem
377 1670 445 1732 apud
454 1677 566 1733 veteres,
574 1670 668 1722 deindo
708 1671 756 1718 tim
767 1668 877 1727 dicetur,
889 1667 979 1716 eodem
989 1665 1117 1728 supplicio
1125 1663 1236 1715 affectus

146 1744 211 1805 apud
224 1745 383 1794 recentiores
396 1747 574 1810 Philosophus.
708 1742 766 1792 tirit.
785 1743 903 1807 Denique
914 1747 974 1805 post
982 1740 1091 1790 eundern
1100 1739 1236 1797 Platonem

172 1824 184 1850 ⁸
200 1819 284 1868 Nonne
295 1823 356 1882 apud
366 1820 469 1882 ueteres]
495 1836 514 1868 r.
524 1819 668 1881 Sapientia,
709 1817 836 1880 sapientia
848 1817 914 1865 male
926 1822 1039 1879 excepta
1047 1813 1098 1863 fult
1107 1815 1132 1863 in
1140 1814 1236 1871 Caniis,

141 1908 198 1957 quae
210 1894 242 1941 ab
254 1895 317 1956 ipsis
332 1895 488 1957 Pythagorae
501 1893 669 1956 temporibus,
709 1894 734 1942 in
749 1894 866 1956 senecia,
882 1893 908 1941 in
926 1891 1040 1954 Soranis,
1056 1891 1081 1939 in
1100 1889 1157 1955 ipso
1168 1890 1237 1940 Bo'e‘·

141 1968 193 2016 dici
203 1968 283 2031 coepit
294 1968 468 2032 Philosophia,
485 1967 554 2032 apud
567 1975 668 2019 veteres
709 1969 779 2019 thio:
796 1985 854 2034 quae
871 1969 956 2020 omnia
974 1982 1088 2018 seorsum
1099 1967 1235 2032 probanda

139 2043 273 2105 sapientes
284 2049 311 2092 et
325 2043 493 2107 Philosophus
503 2057 536 2092 ex
546 2059 577 2094 eo
588 2045 667 2095 laces·
707 2053 775 2097 suut.

141 2120 193 2169 sita
210 2117 269 2182 fnit,
288 2121 356 2185 qnod
375 2121 580 2185 prestantissimi
596 2122 666 2172 inter
735 2122 944 2187 cPrceccptnco'ua
951 2119 1071 2184 Sacrum
1079 2121 1110 2171 In
1117 2120 1234 2183 Socrate,

141 2195 198 2244 illos
210 2196 285 2244 exilio
297 2203 324 2246 et
336 2204 417 2247 morte
428 2197 484 2261 ipsa
494 2211 509 2246 a
521 2199 606 2247 stultis
618 2198 664 2248 im·
704 2201 819 2265 inquam,
836 2209 896 2250 ante
916 2201 1034 2251 Platonis
1050 2208 1155 2249 atatem
1166 2200 1233 2264 sapi·

140 2271 278 2336 probisque
295 2271 436 2323 hominibus
455 2271 544 2322 affecti
559 2273 664 2324 fuerint.
705 2278 775 2326 entia
786 2279 851 2325 male
863 2283 973 2339 excepta
983 2276 1052 2325 luit:
1072 2291 1131 2325 uam
1141 2277 1233 2325 Socra·

139 2346 235 2396 Notari
254 2354 341 2410 potest
357 2348 400 2396 hic
417 2347 539 2411 loquendi
558 2347 663 2396 modus:
704 2358 754 2414 tes,
766 2351 839 2412 cujus
850 2350 1161 2413 tantasapientiafuitut
1172 2350 1233 2399 hine

138 2423 288 2471 ‘certamen
301 2421 456 2471 cenavimus
464 2419 480 2467 τ’
497 2434 548 2468 non
559 2421 627 2469 enim
638 2419 664 2467 id
705 2431 851 2489 preceptor
862 2424 979 2472 Platonis
991 2423 1082 2484 tuerit,
1101 2424 1160 2472 inde
1172 2438 1234 2472 vero

139 2497 239 2548 Graeeis
259 2497 389 2546 duntaxat
409 2494 537 2544 familiare
560 2501 611 2557 est,
636 2500 666 2543 ut
705 2500 828 2566 Epicurei
844 2514 876 2548 oo
891 2499 974 2550 stoici
990 2499 1025 2547 ab
1038 2499 1105 2548 illius
1117 2499 1233 2562 partibus

137 2575 250 2624 nonnulli
262 2575 344 2635 nitunt,
356 2571 401 2622 sed
413 2571 491 2620 etiam
501 2569 614 2619 Latinis:
625 2569 663 2618 sic
703 2577 1234 2642 ,taregloriaronturfflbsuamoopientiam

136 2652 274 2703 Terentius
286 2652 353 2700 dixit
368 2649 475 2698 ‘rivere
488 2648 581 2708 vitam;
599 2662 660 2710 gnu-
701 2663 786 2705 morte
806 2655 942 2704 damnatus
962 2659 1013 2704 est.
1045 2654 1159 2703 Primum
1177 2655 1231 2720 qui·

136 2728 197 2776 dere
210 2727 328 2792 gaudium
339 2723 357 2775 :’
374 2724 466 2774 Cicero
481 2723 596 2772 ‘servire
607 2738 661 2771 ser·
702 2732 760 2780 dem
781 2732 903 2780 socrates
925 2730 995 2780 eirca
1017 2745 1110 2779 annum
1134 2731 1229 2780 Mundi

137 2804 241 2853 vitutem
251 2804 268 2864 ς’
285 2801 409 2852 Horatius
425 2799 534 2849 ‘ludere
546 2798 633 2847 ludum
643 2798 661 2847 ι’
704 2812 777 2857 36⁰⁰.
796 2814 881 2864 natus,
901 2806 1019 2871 adeoque
1039 2813 1099 2854 ante
1110 2807 1229 2855 Platonis

137 2885 166 2928 ut
177 2885 265 2927 noster
283 2885 374 2927 auctor
389 2875 459 2925 infra
469 2875 540 2922 dicet
554 2874 664 2922 ‘ludere
705 2891 809 2931 aerotero
824 2881 929 2945 florens,
944 2881 993 2931 fuit
1008 2882 1229 2946 sapientissimus:

136 2953 239 3015 ludum,'
254 2953 362 3000 ‘ornare
374 2948 550 2998 ornamentis:
704 2972 763 3006 nam
775 2973 790 3005 a
800 2957 876 3006 rebus
887 2958 996 3007 occultis
1012 2965 1041 3007 et
1058 2958 1091 3007 ab
1107 2959 1164 3021 ipsa
1183 2972 1228 3007 na-

167 3027 180 3061 '¹
190 3027 337 3078 14111111111
347 3027 456 3073 9¹⁰³stss
467 3021 573 3085 stiam]
584 3023 662 3073 P¹³l⁰
705 3039 762 3082 tura
772 3035 892 3083 insultatis
901 3034 1020 3084 avocavit
1030 3034 1231 3097 Philosophiam,

136 3110 212 3152 natus
222 3109 263 3152 est
272 3101 382 3151 Athenis
391 3101 560 3149 circaannum
570 3100 662 3149 Mundi
703 3116 731 3158 ut
750 3109 781 3156 de
800 3109 935 3158 virtutibus
955 3117 984 3159 et
1002 3110 1073 3158 vitiis
1092 3112 1232 3171 quaereret,

135 3182 209 3229 ³62⁰·
241 3178 330 3226 Hicin
345 3177 413 3226 omni
425 3176 598 3226 d⁰⁰ir5¹¹³r1¹ffl
617 3190 661 3239 ἕθ·
702 3191 820 3235 causatus
831 3201 887 3250 quae
900 3201 978 3250 supra
988 3200 1046 3244 nos,
1064 3184 1127 3231 nihil
1138 3182 1171 3230 ad
1183 3196 1230 3230 nos

134 3268 208 3313 wer
227 3253 272 3301 8111
291 3253 317 3301 in
336 3253 501 3316 Philosophia
515 3252 661 3315 praesertim
702 3262 848 3325 pertinere:
873 3261 894 3309 is
914 3275 965 3308 non
985 3258 1067 3307 solum
1087 3255 1166 3304 verbo
1185 3256 1229 3305 sed

135 3328 275 3379 excelluit:
286 3327 352 3377 unde
365 3327 530 3391 Philosophia
539 3343 605 3378 nunc
617 3342 660 3376 vo·
700 3339 820 3401 exemplo
832 3335 956 3384 etiamad
972 3333 1081 3380 honeste
1092 3330 1228 3381 vivendum

134 3411 179 3455 cat
188 3402 293 3463 ‘snum,'
304 3404 425 3466 illumque
435 3404 528 3452 statuit
539 3412 661 3468 tanquam
701 3427 760 3461 suos
785 3411 917 3459 monitores
936 3405 1108 3454 hortabatur:
1129 3410 1227 3457 tantam

133 3482 292 3532 notissimum
298 3479 525 3540 Philosophum,in
531 3495 592 3542 quo,
600 3485 661 3527 ante
701 3487 797 3550 qnippe
808 3485 834 3532 iu
846 3482 915 3531 omni
926 3481 981 3530 rita
992 3481 1104 3530 servavit
1115 3482 1227 3546 equabi.

132 3574 219 3625 quem,
238 3563 265 3606 et
285 3562 346 3620 post
365 3566 440 3618 quem
460 3553 588 3615 sapientia
606 3554 661 3601 sive
701 3560 814 3619 litatem,
831 3563 859 3605 nt
871 3557 926 3605 sire
937 3556 963 3604 in
974 3555 1113 3619 prosperis,
1129 3557 1183 3607 sive
1198 3558 1226 3607 in

133 3633 299 3696 Philosophia
318 3631 386 3680 male
406 3636 517 3692 excepta
536 3626 595 3677 suit.
629 3628 662 3677 ln
701 3632 817 3682 adversis
835 3630 919 3694 rebus,
936 3630 1046 3681 eundem
1057 3646 1159 3696 semper
1171 3634 1225 3682 vul·

133 3708 300 3775 ipsoquidem
317 3706 429 3755 Platone
449 3705 575 3769 sapientia
592 3705 659 3754 male
700 3716 764 3769 tum,
780 3722 827 3758 nee
845 3707 951 3756 hilarem
970 3707 1060 3771 magis,
1075 3723 1125 3758 nec
1143 3709 1225 3772 magis

132 3784 319 3849 exceptafuit:
336 3798 396 3832 nam
413 3782 468 3845 ipse
480 3783 554 3831 Plato
566 3783 656 3847 iniqui·
701 3784 831 3833 turbatum
850 3782 1002 3833 ostenderit.
1035 3784 1136 3833 Deinde
1155 3784 1225 3831 idem

133 3870 187 3910 tate
198 3860 317 3925 Dionysii
328 3858 421 3908 Siciliae
434 3858 560 3921 Tyranni,
574 3859 615 3907 cui
627 3873 655 3908 se
696 3861 817 3910 Socrates
825 3859 999 3924 ‘preceptor’
1009 3858 1061 3909 fuit
1069 3863 1076 3888 ‘
1084 3858 1203 3908 Platonis
1211 3858 1228 3903 :’

132 3935 176 3984 ille
202 3935 370 3995 commiserat,
397 3933 482 3997 inquit
502 3935 603 3996 Cicero,
629 3934 655 3982 in
695 3938 762 3986 uude
774 3937 871 3987 Tullius
884 3950 929 3988 111.
941 3936 974 3985 de
986 3927 1228 3987 Orat-‘Socratem’

132 4009 249 4059 maximis
266 4008 389 4069 periculis
408 4008 556 4073 insidiisque
572 4022 655 4057 versa·
695 4013 788 4078 lnquit,
814 4012 913 4074 ‘cujus
938 4009 1069 4072 ingenium
1093 4005 1225 4065 variosque

133 4087 237 4135 tuaest.
271 4079 338 4129 Ante
350 4080 458 4130 enodem
469 4083 606 4134 Platonem
617 4098 656 4134 sa·
696 4101 826 4138 sermones
846 4072 1035 4136 immortalitati
1051 4078 1156 4143 scriptis
1173 4078 1225 4130 suls
