2790 4800
569 313 777 367 namneum.
1178 304 1222 368 dt)

125 458 204 542 plus
217 459 362 542 experiri
375 457 410 522 in
425 478 461 523 se
472 459 655 526 divinitatis
667 481 676 540 ;
697 479 805 545 coque
815 480 1020 526 communem
1033 448 1114 526 vitae
1130 462 1219 528 ordi·

124 579 200 622 nem
216 579 378 642 egressos,
391 559 520 645 majora
532 562 653 640 dicere,
669 563 789 641 facere,
804 562 927 640 videre,
943 565 1101 645 cogitare,
1116 582 1219 647 quam

126 662 164 724 in
187 663 278 726 omni
299 661 369 725 rita
394 668 472 727 acta
495 663 656 744 fecerint3
694 685 771 748 qnae
800 684 852 728 res
873 666 991 748 ingens
1014 671 1220 731 momentum

124 761 228 828 habet
241 762 283 828 ad
297 764 500 846 probandam
515 767 798 831 immortalitatem
811 767 1008 830 animorum.
1054 767 1219 831 Boethius

125 865 229 946 igitur
242 867 275 929 in
290 884 423 930 carcere
439 868 586 931 animum
607 887 706 931 suum
731 886 752 930 a
765 868 864 930 rebus
891 867 969 930 aliis
990 869 1144 932 omnibus
1159 870 1218 933 ab·

125 965 260 1031 ductum
274 968 445 1033 revocavit
457 968 501 1030 ad
525 966 828 1031 considerationem
841 965 1062 1028 beatitudinis
1075 985 1083 1044 3
1117 969 1220 1051 scrip-

125 1068 232 1150 sitque
243 1066 522 1132 consolationem
541 1068 642 1130 istam
656 1066 768 1130 verbis
782 1065 1025 1148 sententiisque
1039 1067 1088 1131 ita
1107 1088 1221 1132 nume·

124 1185 246 1244 msam,
267 1174 306 1230 ut
327 1167 410 1229 nihil
434 1167 547 1249 possit
569 1167 704 1249 concipi
730 1166 924 1248 elegantius.
976 1169 1107 1252 Accipe
1135 1168 1221 1236 Julii

125 1266 271 1334 casaris
286 1267 447 1350 Scaliger-i
456 1268 629 1352 judicium,
645 1289 689 1333 ex
703 1270 810 1352 ipsius
824 1268 1074 1354 Hypercritico:
1109 1273 1220 1339 ‘Bod-

126 1368 187 1432 thii
202 1367 351 1433 Severini
368 1370 547 1453 ingenium,
568 1372 725 1448 eruditio,
749 1392 814 1449 ars,
841 1374 1005 1454 sapientia
1028 1374 1127 1440 facile
1142 1395 1221 1460 pro·

125 1476 228 1535 vocat
248 1490 361 1536 omnes
384 1480 548 1550 auctores,
584 1475 654 1539 sive
672 1473 725 1538 'illi
751 1473 865 1538 Graeci
892 1476 967 1551 sint,
995 1477 1067 1539 sive
1095 1479 1220 1544 Latini.

125 1572 249 1637 Saeculi
264 1573 417 1639 barbaria
438 1575 511 1659 ejus
527 1576 644 1641 Oratio
673 1577 789 1640 soluta
810 1572 953 1641 deterior
977 1577 1162 1643 invenitur:
1185 1587 1221 1642 at

125 1695 199 1758 quae
220 1675 317 1742 libuit
343 1677 455 1742 ludere
481 1681 516 1741 in
540 1679 651 1760 poesi,
677 1679 791 1742 divina
815 1697 894 1741 sane
920 1684 1017 1743 sunt:
1050 1680 1131 1742 nihil
1154 1679 1223 1742 illis

124 1776 256 1854 cultius,
270 1778 353 1842 nihil
370 1779 523 1860 gravius:
554 1797 661 1860 neque
684 1777 834 1841 densitas
860 1779 1108 1856 sententiarum,
1123 1792 1222 1843 vene-

123 1896 206 1954 rem;
216 1898 324 1959 neque
349 1898 490 1941 acumen
513 1879 651 1942 abstulit
670 1878 860 1942 candorem.
905 1877 1070 1962 Equidem
1085 1900 1221 1960 censeo,

125 1996 260 2061 paucos
274 1998 353 2042 eum
368 1978 425 2042 illo
437 1980 622 2062 comparari
637 1998 750 2063 posse.
784 1979 885 2045 Valla
898 1979 998 2045 docet
1008 2002 1083 2046 eum
1099 1983 1220 2048 Latine

125 2077 239 2161 loqui:
263 2087 299 2144 at
313 2079 451 2145 Vallum
466 2080 630 2145 Boethius
645 2083 730 2146 hene
744 2081 886 2164 sapere.'

171 2179 291 2245 Forma
317 2182 394 2246 libri
425 2190 476 2247 est
507 2182 737 2266 Dialogistica,
764 2204 831 2248 uon
863 2184 1090 2269 μονοπρόσωποςε
1125 2189 1220 2251 etin

127 2281 274 2364 Dialogo
288 2284 365 2366 ipso
379 2304 443 2348 non
458 2284 723 2366 interloquuntur
746 2284 846 2346 nudae
859 2302 1023 2363 personae,
1040 2286 1101 2348 sed
1118 2288 1221 2349 inter-

124 2383 218 2449 cedit
234 2404 325 2468 saepe
338 2386 415 2466 ipse
429 2384 609 2458 Boethius,
635 2400 776 2444 narrans
790 2382 907 2457 multa,
923 2388 958 2443 et
977 2383 1037 2444 filo
1064 2386 1221 2448 orationis

126 2504 200 2551 suae
228 2504 396 2550 consuens
419 2489 521 2567 atque
541 2488 720 2547 contexens
746 2501 788 2546 ea
812 2501 887 2565 quae
913 2501 935 2546 a
959 2501 1009 2558 se,
1032 2503 1179 2567 quaeque
1203 2504 1224 2550 a

125 2587 347 2672 Philosophia
371 2587 589 2652 disseruntur.
634 2585 751 2651 Dictio
772 2592 825 2651 est
839 2586 946 2662 varia,
970 2585 1074 2649 modo
1097 2587 1222 2665 soluta,

123 2692 223 2757 modo
237 2691 380 2775 pedihus
395 2691 534 2755 astricta
547 2711 556 2770 3
579 2691 652 2774 ipse
669 2688 811 2752 Prosam
826 2695 939 2766 vocat,
955 2695 990 2750 et
1005 2686 1161 2753 Metmm.

167 2795 260 2859 Libri
283 2804 364 2858 sunt
378 2796 536 2877 quinque.
582 2793 717 2856 Primus
742 2791 842 2853 hahet
866 2790 1032 2871 querelam
1048 2795 1081 2853 ct
1095 2790 1221 2855 lamen-

124 2900 285 2963 tationem
306 2897 454 2973 Bo'ethii,
485 2915 530 2960 ex
558 2896 734 2958 collatione
756 2897 865 2958 status
886 2894 1006 2976 prioris
1039 2913 1114 2958 cum
1136 2916 1221 2978 pree-

125 3005 230 3062 sente.
557 3048 560 3053 >

169 3097 219 3163 11.
242 3097 396 3163 Secundo
412 3098 497 3164 libro
511 3099 666 3183 applicat
682 3099 904 3181 Philosophia
922 3098 1050 3163 leviora
1066 3097 1222 3177 quaedam

125 3200 280 3278 fomenta,
297 3202 475 3285 docetque,
490 3203 615 3287 injuste
630 3201 808 3267 Bodthium
823 3200 865 3265 de
883 3201 1018 3263 fortuna
1032 3197 1136 3277 queri.

172 3300 240 3365 111.
261 3303 393 3366 Tertius
408 3305 493 3369 liber
506 3307 645 3370 certiora
659 3306 808 3370 continet
832 3302 994 3366 adversus
1010 3296 1113 3357 animi
1127 3295 1222 3377 aegri-

125 3404 272 3471 tudinem
288 3407 443 3483 remedia,
458 3415 492 3469 et
505 3407 632 3488 rejecta
653 3406 749 3468 falsae
763 3401 935 3468 felicitatis
961 3396 1087 3478 specie,
1111 3416 1221 3463 veram

125 3507 368 3573 beatitudinem
384 3508 543 3571 ostendit.
1098 3566 1101 3574 ,

168 3611 231 3675 IV.
255 3609 407 3689 Quartus
423 3609 533 3684 docet,
548 3626 662 3671 omnes
684 3606 791 3671 malos
815 3603 966 3669 infelices
981 3609 1014 3668 et
1034 3605 1220 3671 imbecillos

124 3731 210 3790 esse,
225 3715 331 3777 bonos
347 3733 424 3776 vero
450 3730 582 3793 semper
607 3710 724 3772 beatos
748 3714 782 3771 et
804 3712 970 3790 potentes
998 3706 1075 3771 Deo
1098 3714 1222 3771 cuncta

125 3821 265 3896 regente.
310 3815 381 3878 Hic
397 3815 508 3897 agitur
522 3813 565 3874 dc
582 3810 798 3875 Providentia
823 3815 857 3874 et
874 3810 980 3889 Fat03
1003 3809 1220 3889 doceturque,

127 3915 248 3977 nnllam
262 3935 337 3979 esse
350 3916 517 3980 fortunam
531 3914 662 3978 malam.

172 4012 215 4073 V.
238 4015 380 4091 Quintus
393 4024 444 4080 est
459 4017 501 4079 de
524 4016 628 4093 Casu,
643 4015 684 4077 de
708 4015 877 4080 Libertate
904 4012 1045 4085 arbitrii,
1073 4014 1105 4068 et
1133 4003 1222 4064 Con-

127 4113 243 4183 cordia
257 4115 419 4180 libertatis
434 4137 509 4180 cnm
525 4117 738 4195 praescicntia
753 4116 876 4178 divina.
