2790 4800
228 265 271 330 52
545 275 776 324 unsrrrmura
800 251 1002 324 vauronuu

229 424 288 506 qui
303 421 417 485 dicent
430 439 506 483 eum
529 421 565 484 in
588 418 752 499 Catalogo
776 421 975 484 Sanctorum
990 440 1064 484 eam
1079 422 1123 484 ob
1138 420 1325 485 neminisse

227 525 381 599 relatum,
395 534 430 586 et
444 521 605 585 Sanctum
621 521 817 585 Severinum
832 520 1035 585 vocitatum?

743 684 806 748 IV.

271 821 475 886 Hermolaus
498 821 681 896 Barbarae,
706 821 874 885 Patricius
898 821 1062 896 VenetuS,
1087 820 1324 902 Archiepisco·

227 943 291 1006 pus
307 928 340 987 et
357 922 551 986 Patriarcha
574 921 836 1003 Aquilegiensis,
858 923 893 985 in
917 941 981 985 sua
1004 922 1209 986 Praefatione
1223 942 1324 1004 quam

227 1025 358 1101 habuit,
373 1043 448 1086 cum
459 1024 566 1086 libros
578 1019 772 1085 Aristotelis
782 1022 873 1085 domi
884 1022 992 1104 coepit
1001 1023 1189 1106 praelegere,
1212 1021 1325 1099 ‘Qui'

227 1125 345 1208 inquit,
370 1127 520 1205 ‘putant
534 1121 622 1185 hune
647 1121 773 1184 aditum
797 1128 911 1205 patere
933 1122 1072 1199 nemini,
1099 1122 1156 1205 qui
1184 1121 1328 1184 Scholas

226 1226 304 1289 illas
319 1222 548 1304 Philosophiae
564 1241 731 1305 nunquam
752 1223 937 1299 intraverit,
959 1224 992 1286 in
1008 1243 1133 1304 magno
1152 1229 1325 1287 versantur

223 1341 355 1386 errore:
367 1322 636 1405 quandoquidem
651 1324 737 1386 tales
753 1313 891 1388 Scholas
907 1344 968 1388 nec
985 1324 1123 1388 Marcus
1132 1325 1254 1401 Varro,
1262 1345 1324 1388 nec

227 1424 362 1498 Brutus
384 1443 445 1487 nec
472 1423 643 1499 Plancius,
673 1443 734 1487 nec
762 1423 969 1501 Chalcidius,
999 1445 1061 1488 nec
1089 1426 1254 1489 Boethius
1276 1427 1324 1488 in·

227 1525 350 1604 gressi:
373 1543 439 1586 non
453 1521 657 1599 Alexander,
676 1542 742 1586 non
767 1523 987 1599 ThemistiuS,
1012 1544 1078 1586 non
1103 1525 1322 1608 Porphyrius,

226 1645 292 1688 non
309 1625 522 1700 lamblichus,
537 1643 604 1687 non
618 1624 826 1706 Simplicius
842 1623 1035 1706 philosophi
1052 1631 1161 1688 tamen
1174 1629 1322 1690 eminen-

228 1727 364 1804 tissimi,
374 1734 408 1790 et
422 1727 612 1791 Aristotelis
626 1727 823 1810 interpretes
832 1727 1035 1809 juratissimi
1050 1727 1161 1791 suere?

752 1895 796 1960 V.

268 2025 419 2107 Angelus
429 2026 707 2106 Politianus,qni,
718 2027 888 2090 excellens
901 2047 978 2090 cum
994 2027 1095 2110 poeta
1111 2034 1181 2092 tum
1199 2038 1322 2107 orator,

224 2127 410 2190 multatam
426 2127 545 2191 Graece
556 2144 657 2207 qnam
671 2125 788 2188 Latine
804 2127 910 2190 edidit
925 2147 1040 2210 opera,
1051 2131 1085 2192 in
1098 2132 1170 2193 suis
1183 2131 1322 2197 Miscel-

223 2229 330 2292 laneis
347 2248 421 2311 cap.
439 2230 469 2292 1.
485 2228 527 2291 de
544 2224 693 2291 Boethio
710 2228 761 2291 sic
776 2229 943 2309 loquitur:
971 2229 1084 2307 ‘Quis
1100 2231 1246 2296 Boethio
1269 2235 1322 2298 vel

223 2333 258 2395 in
273 2331 470 2396 Dialecticis
483 2331 637 2394 acutiori
661 2331 713 2393 vel
733 2331 889 2394 subtilior
911 2332 946 2394 in
972 2331 1247 2398 Mathematicis'l
1269 2334 1323 2397 vel

221 2433 257 2507 in
270 2433 494 2514 Philosophia
518 2430 742 2513 locupletior?
766 2433 821 2495 vel
847 2432 881 2494 iri
908 2431 1095 2516 Theologia
1121 2435 1319 2498 sublimiori

224 2532 332 2610 Quem
347 2536 434 2598 tanti
444 2533 596 2616 juniores
610 2533 712 2595 etiam
731 2532 932 2616 Philosophi
947 2534 1047 2617 longe
1062 2532 1236 2619 (arbitror)
1250 2554 1321 2598 cm·

221 2631 313 2693 nium
339 2633 627 2716 perspicacissimi
651 2632 812 2710 iecerunt,
839 2641 877 2698 ut
905 2633 1112 2717 Aquinatem
1140 2633 1319 2711 Thomam,

223 2733 338 2796 divum
351 2733 531 2812 hominem,
554 2734 779 2816 Magnumque
803 2735 898 2799 illum
924 2735 1062 2799 Thomae
1078 2743 1320 2817 praeceptorem

222 2834 334 2921 (Deus
359 2835 457 2910 hone,
484 2854 569 2918 quos
593 2835 683 2898 viros
696 2835 720 2912 l)
755 2836 877 2900 habere
900 2836 1054 2902 meruerit
1082 2841 1290 2900 enarratores
1300 2851 1319 2900 ι’

221 2933 375 2997 nimirum
387 2935 421 2996 in
435 2935 501 3010 his,
517 2937 626 3018 inquit
639 2927 808 3016 Vadimus,
831 2958 908 3022 quae
923 2939 959 3003 S.
972 2937 1119 3003 Thomas
1134 2936 1170 3000 in
1185 2936 1321 3002 Boethii

222 3035 328 3099 libros
353 3034 396 3097 de
420 3034 587 3098 Trinitate
611 3041 644 3099 et
669 3035 711 3100 de
736 3037 1017 3104 Hebdomadibus
1043 3038 1196 3122 scripsit3
1226 3039 1318 3121 quod

220 3135 462 3201 commentaria
483 3134 518 3196 in
537 3134 640 3198 libros
666 3136 801 3202 Boethii
814 3138 866 3202 'de
889 3139 1128 3203 Consolatione
1160 3139 1317 3205 Philoso-

218 3239 320 3319 phiae,
330 3259 407 3322 quae
422 3238 522 3318 vulgo
539 3235 664 3303 Sancto
680 3239 816 3304 Thomas
834 3240 1029 3316 tribuuntur,
1052 3239 1153 3324 hujus
1169 3243 1311 3308 sanctis·

223 3339 299 3403 simi
314 3341 463 3406 doctoris
478 3359 546 3404 non
563 3339 643 3404 sint.

365 3592 853 3682 'neormam-saxium
883 3616 1146 3696 SAECULUM3
1180 3614 1183 3619 ·

429 3777 598 3845 Nimirum
614 3782 657 3846 ab
672 3800 759 3845 anno
774 3781 871 3846 1500.
888 3784 932 3847 ad
948 3805 1000 3848 an.
1014 3783 1112 3848 1600.

263 3944 286 4010 J
289 3964 412 4011 oannes
421 3945 678 4025 Tritenhemius,
690 3946 809 4014 Abhas
820 3949 1099 4034 spanheimensis,
1108 3948 1143 4012 in
1153 3947 1316 4034 catalogo

222 4046 427 4132 Scriptorum
452 4047 779 4129 Ecclesiasticorum,
808 4049 1021 4131 ‘Boethius'
1045 4051 1165 4135 inquit,
1199 4053 1316 4120 ‘Man-
