2790 4800
564 276 767 326 PRAEFATIO.

201 420 302 505 -Elpis
315 421 477 502 dicta-lui,
492 421 619 488 Siculae
633 421 778 511 regionis
786 421 940 498 alumna,

248 524 360 602 Quam
372 525 486 609 procul
501 543 523 589 a
537 525 646 608 patria
660 522 813 608 conjugis
827 522 894 607 egit
908 539 1010 589 amor.

204 624 280 702 Quo
294 627 366 692 sine
380 635 501 694 moesta
514 627 597 707 dios,
607 646 678 693 nox
693 627 808 706 anxia,
821 621 944 766 {labilis
958 625 1050 703 hora,

288 728 309 772 s
395 729 416 773 s
504 731 525 775 a
613 730 635 772 s
721 730 743 772 s
939 727 961 769 s

202 809 392 881 Porticibus
405 816 512 882 sacris
521 815 594 900 J'am
608 835 696 878 nunc
711 813 885 898 peregrina
898 810 1048 894 quiesco,

241 915 265 980 J
267 916 375 985 udicis
390 919 509 984 aeterni
524 915 706 981 testificata
719 916 883 978 thronum.

157 1045 328 1112 Defuncto
359 1048 495 1132 Elpide,
534 1044 700 1111 Boethius
734 1042 921 1110 secundam
950 1060 1092 1108 uxorem
1115 1039 1215 1106 duxit

113 1145 312 1230 Symmachi
327 1148 491 1212 senatoris
506 1152 540 1212 et
551 1147 734 1212 consularis
747 1147 812 1212 viri
827 1145 942 1225 filiam,
963 1145 1213 1222 Rusticiauam,

115 1266 162 1311 ex
175 1267 244 1330 qna
257 1248 345 1311 dnos
358 1248 448 1313 filios
462 1249 592 1333 paterni
606 1249 753 1335 avitique
776 1249 900 1333 ingenii
921 1249 1071 1333 speciem
1094 1243 1214 1331 praefo-

117 1356 227 1412 rentes
242 1349 400 1433 suscepit.
444 1350 557 1435 Atque
572 1350 633 1415 hos
649 1350 782 1434 quidem
802 1351 990 1417 consulares
1010 1354 1120 1428 vocat,
1144 1340 1214 1412 non

118 1453 209 1538 quod
236 1452 399 1519 Consules
422 1454 574 1534 fuissent,
605 1456 667 1520 sed
689 1455 778 1541 quod
804 1456 878 1522 viro
907 1455 1076 1521 consulari
1099 1455 1215 1540 essent

115 1556 286 1638 progeniti.

155 1656 302 1722 Secutus
316 1659 371 1724 est
385 1666 509 1743 postea
520 1659 657 1725 Boethii
665 1659 783 1725 tertius
792 1660 995 1742 ultimusque
1009 1653 1215 1732 consulatus,

113 1778 212 1842 quem
226 1761 282 1824 ille
297 1781 372 1839 cum
389 1761 592 1844 Symmacho
616 1779 734 1824 socero
763 1777 827 1822 suo
842 1759 960 1840 gessit,
984 1773 1076 1845 anno
1091 1753 1216 1822 Christi

116 1875 252 1954 oxxn,
272 1863 385 1926 aetatis
399 1881 471 1925 suae
488 1876 610 1925 nxvu.
655 1859 711 1924 Ad
726 1880 802 1924 eum
816 1879 896 1925 vero
912 1856 1108 1943 petendum,
1130 1862 1168 1922 ut
1183 1862 1218 1924 ct

116 1960 203 2022 ahos
217 1980 352 2044 quoqne
366 1961 517 2039 honores,
527 1980 594 2027 non
604 1963 742 2028 ambitio
750 1962 942 2041 Bo'e'thium,
957 1965 1015 2026 aut
1026 1960 1110 2026 lucri
1119 1978 1213 2044 spes,

117 2059 178 2123 sed
210 2061 373 2128 bonorum
398 2083 572 2129 commune
602 2064 752 2129 studium
781 2064 923 2149 impulit
982 2061 1038 2127 Ac
1068 2059 1214 2138 videtur,

116 2160 352 2245 Symmachum
369 2166 513 2251 ¹quidem
550 2166 731 2232 Consulem
763 2166 897 2232 dedisse
921 2165 1067 2230 Senatus
1092 2163 1214 2228 Romae

118 2262 241 2342 Novae,
271 2266 457 2333 Boiithium
478 2289 561 2334 vero
592 2266 742 2332 senatus
769 2266 891 2330 Romae
919 2264 1068 2329 Veteris·
1122 2262 1216 2342 Huic

117 2362 322 2446 Symmacho
337 2366 505 2431 Boethius
518 2368 673 2431 libellum
686 2365 862 2447 inscripsit
875 2382 898 2427 a
917 2382 953 2426 se
975 2361 1217 2443 compositum,

117 2471 128 2500 ‘
144 2465 187 2530 de
201 2465 238 2530 S.
253 2466 421 2532 Trinitate
437 2468 602 2532 adversus
617 2465 770 2532 Nestorii
790 2471 825 2529 et
844 2462 1045 2548 Eutychetis
1068 2471 1218 2527 errores.’

116 2567 196 2632 Fuit
217 2569 304 2633 enim
323 2570 359 2634 S.
382 2569 576 2654 Theologiae
592 2568 746 2653 inprimis
773 2567 946 2632 studiosus
967 2562 1153 2644 Boethium
1169 2562 1217 2628 ‘ac

114 2676 193 2735 tunc
207 2672 343 2754 quidem
364 2692 407 2737 eo
429 2672 628 2755 impensius,
644 2670 737 2757 qnod
760 2670 889 2735 videret
910 2666 1146 2732 Orthodoxam
1172 2665 1216 2729 de

115 2772 151 2837 S.
165 2774 328 2839 Trinitute
344 2776 543 2840 sententiam
559 2777 774 2840 vehementer
788 2774 832 2836 ab
849 2769 1059 2854 Ostrogothis
1077 2767 1217 2833 Arianis

115 2873 333 2958 ipsorumque
358 2873 455 2955 Rege
478 2875 691 2940 Theoderico
715 2873 913 2956 oppugnari.
964 2871 1111 2956 Scripsit
1136 2889 1216 2953 ergo

116 2973 183 3036 ‘de
208 2972 346 3036 Unitate
370 2974 565 3040 Trinitatis:
589 2982 700 3040 utrum
726 2976 839 3055 Pater,
866 2975 985 3052 Filius,
1011 2979 1044 3037 et
1069 2973 1217 3056 Spiritus

118 3072 264 3138 Sanctus
281 3073 324 3137 de
339 3074 515 3140 divinitate
541 3077 808 3143 substantialiter
828 3072 1072 3161 praedicentur?
1124 3073 1218 3135 Prae-

118 3180 221 3252 terea,
243 3176 309 3240 ‘de
330 3175 428 3256 Fide,
444 3179 488 3243 ad
503 3178 527 3243 J
529 3199 671 3245 oannem
686 3182 876 3246 Diaconum
893 3197 903 3240 ι
924 3185 959 3243 et
977 3177 1020 3240 de
1036 3174 1166 3238 duabus
1187 3171 1221 3235 in

119 3274 255 3341 Christo
269 3280 418 3343 naturis!
461 3282 532 3347 Sed
548 3282 707 3348 Boiithius
719 3284 822 3348 editis
837 3283 914 3346 istis
927 3276 1092 3360 operibus
1107 3271 1221 3336 odium

119 3378 186 3442 eibi
212 3376 412 3444 Theodorici
433 3381 541 3463 Regis
566 3381 738 3459 conflavit,
760 3389 797 3445 et
820 3382 857 3442 in
879 3375 1107 3460 suspicionem
1127 3372 1220 3456 apud

117 3480 232 3565 ipsum
247 3480 445 3564 venitcapti
460 3483 677 3546 demutando
694 3480 911 3564 Reipublicae
935 3483 1035 3554 statu,
1060 3482 1095 3541 et
1112 3475 1221 3541 vindi·

117 3582 226 3647 canda
241 3582 278 3646 in
294 3581 478 3649 libertatem
494 3583 611 3662 Italia,
626 3583 768 3647 consilii.
813 3581 888 3648 Nec
903 3581 1049 3657 defuere,
1074 3579 1134 3662 qui
1156 3577 1221 3641 hac

118 3685 301 3750 occasione
314 3686 349 3750 in
363 3685 477 3770 ipsum
492 3692 611 3770 aperte
623 3686 845 3769 insurgerent,
861 3681 1084 3763 Consulisque
1103 3683 1221 3743 aucto·

119 3786 251 3853 ritatem
282 3795 397 3872 aperte
431 3792 686 3874 oppugnarent:
711 3789 834 3872 quibus
861 3785 1017 3851 omnibns
1042 3779 1223 3852 Bo'cthius,

121 3883 225 3952 fretus
238 3891 318 3954 recti
333 3891 434 3957 animi
448 3891 669 3967 conscicntia,
682 3890 809 3955 sortiter
825 3908 900 3953 sese
917 3882 1095 3969 opposuit,
1110 3891 1222 3954 neque

123 3994 179 4049 eet
190 3992 327 4069 verinis,
348 4013 411 4077 pro
432 3994 555 4060 tuenda
581 3993 775 4076 Republica
801 3996 835 4056 et
856 3989 1071 4074 privatorum
1097 3975 1223 4043 civium

117 4082 209 4168 jure,
223 4087 416 4156 inimicitias
431 4095 659 4175 potentiorum
675 4093 858 4171 suscipere.
