2790 4800
153 264 175 326 6
609 273 639 320 r.
663 271 790 319 suurn
814 279 826 322 ,·

153 420 256 491 aliurn
271 419 354 484 citat
368 416 521 482 Galenus
541 414 734 487 Aristotelis
755 415 954 490 studiosum,
970 414 1075 478 virum
1090 415 1248 480 consula·

154 542 242 587 rem:
265 526 380 584 noster
393 537 528 601 quoque
548 519 611 581 iste
633 519 668 580 in
687 515 934 581 Commentario
958 515 993 584 iu
1013 515 1249 598 Porphyrium,

155 623 322 707 quendam
336 622 484 686 nominat
499 619 679 684 Boethium
695 618 953 700 Philosophum,
963 618 1103 682 citatum
1119 617 1249 700 pridem

154 726 197 789 ab
212 722 393 787 Ammonio
406 727 441 786 et
455 721 641 803 Simplicio.
686 721 821 784 Patrem
836 737 971 802 quoque
985 717 1122 783 Boethii
1143 721 1248 784 nostri

155 825 334 892 Boethium
350 823 555 906 appellatum
570 822 677 886 fuisse
702 822 854 904 suspicio
877 827 940 897 est,
965 821 1054 886 sicut
1070 827 1190 903 postea
1207 822 1249 885 li·

153 929 278 1011 quebit.
321 926 390 990 Sed
404 931 558 989 nostrum
576 926 678 988 istum
702 927 745 988 ab
768 925 845 989 aliis
867 925 1019 988 omuibus
1042 924 1250 1006 distinguunt

153 1030 288 1113 adjecta
300 1029 454 1092 nomina:
478 1035 618 1091 vocatur
631 1029 718 1090 euim
739 1025 894 1104 Anicius
917 1025 1077 1102 Manlius,
1095 1026 1248 1109 Torqua-

152 1139 216 1208 tuS,
231 1131 425 1195 Severinus:
449 1128 616 1193 adduntur
628 1130 718 1193 tituli
734 1149 779 1192 ex
793 1129 979 1193 honoribus
997 1128 1032 1191 iu
1055 1126 1250 1210 Republica

152 1234 267 1315 gestis,
292 1231 464 1294 Exconsul
484 1230 691 1308 Ordinarius,
720 1231 936 1312 Exrnagister
956 1228 1160 1305 Officiorum,
1182 1227 1247 1292 Vir

152 1333 380 1408 Clarissimus,
395 1341 428 1394 et
442 1331 707 1397 Illustrissimus.

195 1432 263 1496 Sed
276 1431 363 1496 unde
377 1438 429 1497 tot
442 1433 540 1495 unius
553 1431 697 1496 hominis
712 1433 867 1502 nominat
913 1432 992 1497 Fuit
1015 1431 1108 1497 illius
1128 1432 1248 1497 saecnli

150 1535 301 1600 moribus
321 1540 490 1616 receptum
512 1541 549 1596 ut
563 1537 763 1615 praestantes
779 1535 841 1597 viri
854 1553 975 1598 nomen
990 1553 1089 1598 suum
1103 1532 1146 1598 ad
1161 1534 1248 1597 ahos

150 1636 414 1703 transmitterent.
448 1634 538 1699 Haec
551 1654 604 1699 res
620 1641 672 1699 tot
687 1634 859 1701 Antonios
874 1637 963 1700 inter
975 1635 1126 1702 Caesares
1140 1633 1247 1712 dedit,

106 1745 109 1750 ’
151 1743 200 1803 tot
223 1735 392 1813 Aurelios
427 1735 582 1815 Severus,
619 1737 772 1815 Fluvios,
795 1737 1007 1815 Valerianos,
1036 1737 1247 1803 Valentinia-

149 1858 224 1916 nos,
250 1837 461 1914 Constantes,
488 1837 712 1918 Constantine,
737 1845 771 1903 et
794 1839 1054 1907 Constantinus:
1074 1844 1126 1904 tot
1149 1838 1249 1919 longa

152 1939 237 2004 serie
253 1938 416 2012 othones,
433 1938 612 2003 Henricos.
657 1940 864 2008 Putavenmt
877 1943 967 2007 enim
979 1941 1114 2024 gratain
1126 1939 1247 2021 vulgus

150 2039 285 2104 nonrina
314 2038 636 2104 commendationem
664 2044 818 2123 personis
841 2043 954 2108 afferre
981 2062 1091 2127 posse.
1135 2040 1249 2106 Video

148 2142 250 2211 etiam
266 2148 417 2206 assumta
432 2141 597 2205 interdum
619 2146 756 2209 nomina
783 2144 1016 2208 excellentium
1036 2145 1179 2208 virorum
1203 2143 1249 2209 ab

151 2243 195 2308 iis
223 2243 282 2326 qui
306 2247 402 2306 extra
421 2243 582 2307 familiam
606 2253 708 2309 erant.
752 2245 851 2308 Illius
874 2265 951 2328 ergo
974 2245 1131 2328 temporis
1153 2264 1249 2309 more

51 2425 55 2429 ι
149 2343 275 2409 sactum
290 2353 355 2421 est,
371 2351 410 2408 ut
423 2352 538 2409 noster
552 2347 615 2410 iste
631 2346 786 2423 Anicius,
799 2345 961 2426 Manlius,
973 2346 1178 2429 Torquatus
1188 2345 1249 2410 Se-

148 2446 296 2524 verinus,
322 2446 487 2511 Boethius
510 2456 696 2526 vocaretur,
717 2449 829 2528 abavi,
843 2449 972 2532 proavi,
986 2449 1095 2533 patris
1107 2447 1250 2513 numini-

147 2547 212 2610 bus
228 2546 425 2628 conjunctis.

191 2646 339 2708 Primum
355 2665 432 2728 ergo
448 2665 567 2711 nomen
591 2647 795 2713 referendum
814 2657 867 2714 est
881 2650 924 2714 ad
937 2648 1089 2726 Anicius,
1104 2667 1247 2732 quorum

149 2764 249 2828 genus
279 2747 452 2830 antiquum
467 2755 501 2814 et
517 2752 629 2815 nobile
654 2771 722 2815 non
745 2770 811 2816 uno
833 2752 912 2816 loco
939 2750 1103 2835 praedicat
1124 2750 1248 2814 beatus

149 2847 389 2928 Hieronymus.
434 2849 580 2916 Emicuit
596 2858 707 2918 autem
721 2855 876 2918 intereos
889 2873 960 2938 prae
976 2852 1094 2917 ceteris
1109 2850 1247 2915 Boithii

148 2949 253 3014 nostri
280 2956 414 3027 aterno,
447 2950 598 3019 Anicius.
618 2956 745 3020 Sextus
772 2956 953 3022 Petronius
979 2955 1123 3033 Probus,
1149 2953 1248 3036 cujus

148 3053 302 3135 frequens
317 3058 369 3117 est
384 3061 419 3117 et
432 3053 600 3122 honorata
623 3059 748 3121 mentio
765 3058 856 3140 apud
876 3056 1090 3121 Ammianum
1107 3056 1249 3120 Marcel·

147 3156 263 3231 linum,
279 3152 481 3233 Ausonium,
503 3155 752 3239 Symmachum,
775 3157 877 3239 inque
893 3155 1019 3219 Codice
1041 3154 1248 3221 Theodosia-

146 3275 200 3320 uo.
244 3255 362 3321 Cessit
388 3257 480 3320 enim
504 3259 716 3324 consulatum
743 3276 820 3321 cum
845 3253 1005 3318 Gratiano
1029 3253 1246 3337 Imperatore,

148 3375 233 3419 anno
250 3357 376 3423 Christi
397 3376 577 3425 ccccxxr.
602 3360 768 3442 idemque,
795 3375 871 3420 cum
893 3355 929 3419 in
953 3355 1055 3421 Italia
1082 3357 1245 3424 Praetorio

147 3455 332 3520 Praefectus
346 3466 447 3538 esset,
457 3461 648 3544 provincias
658 3459 863 3537 Insubrium,
875 3458 1058 3537 AEmiliam,
1073 3469 1177 3545 atque
1187 3462 1246 3526 Li-

147 3555 272 3638 goriam
283 3575 358 3619 cum
366 3560 551 3642 insignibus
563 3564 797 3628 consularibus
806 3560 987 3639 Ambrosio
998 3559 1048 3644 (ei
1059 3563 1246 3644 quipostea

147 3653 410 3720 Mediolanensis
450 3659 613 3723 Ecclesiae
643 3663 837 3744 Episcopus
865 3660 977 3724 factus
1002 3658 1073 3742 est)
1101 3662 1244 3728 admini-

146 3755 300 3822 strandas
316 3755 420 3820 dedit.
466 3757 535 3835 Qui
552 3759 793 3844 Hieronymum
817 3764 849 3823 et
872 3759 1096 3841 Augustinum
1116 3760 1243 3841 legunt,

147 3857 317 3924 offendunt
343 3860 461 3924 crebra
483 3856 682 3923 Aniciorum
703 3861 841 3925 familiae
868 3860 991 3942 elogia.
1037 3859 1243 3929 Claudianus

145 3979 210 4025 non
223 3961 355 4027 dubitat
369 3960 460 4026 illam
476 3962 597 4026 ceteris
612 3964 767 4028 omnibus
783 3962 903 4033 Romae
920 3962 1112 4035 viventibus
1121 3965 1242 4031 nobili-

146 4067 216 4126 tate
232 4065 404 4146 praeferre:
