2790 4800
217 275 271 339 ,48
552 285 781 336 rnarruourr
804 290 1005 341 vauroxuu
1057 256 1067 265 ”

227 434 391 510 metriam,
422 430 682 499 Astronomiam.
742 435 967 500 Dialecticam
994 455 1075 501 vero
1114 435 1320 519 explanavit.

228 535 261 600 A
275 535 485 601 Theoderico
500 533 683 600 Gothorum
700 536 793 619 Rege
811 537 999 603 Mediolani
1011 536 1227 602 interficitur!

457 752 792 819 DUODECIMUM
828 754 1093 836 SAECULUM;

467 880 633 990 Nimirum
649 926 692 989 an
710 944 796 989 anno
811 925 908 991 noo.
931 925 975 990 aa
988 927 1084 992 1200.

781 1076 810 1140 I.

270 1193 420 1260 loannes
435 1193 713 1272 saresberiensis,
729 1193 864 1259 natione
882 1189 1024 1274 Anglus,
1037 1190 1228 1276 Episcopus
1240 1191 1321 1258 Car-

227 1294 386 1370 notensiS,
401 1294 459 1376 qui
474 1296 560 1358 inter
570 1296 639 1359 alia
654 1314 757 1379 opera
773 1293 908 1375 scripsit
928 1294 1172 1377 policraticum,
1193 1294 1265 1358 sire
1279 1295 1320 1358 de

227 1396 326 1476 nugis
342 1394 514 1458 curialium
532 1401 566 1459 et
589 1396 742 1475 vestigiis
767 1392 1056 1477 philosophorum,
1079 1396 1112 1458 in
1124 1396 1191 1459 hoc
1205 1397 1320 1459 eodem

228 1516 340 1578 opere,
355 1496 441 1561 libro
457 1497 612 1579 septimo,
634 1497 745 1580 capite
765 1497 897 1561 decimo
920 1496 1050 1579 quinto,
1076 1496 1166 1559 hunc
1183 1496 1322 1561 Boethii

226 1599 345 1663 librum
361 1598 403 1663 (le
420 1597 654 1662 Consolatione
665 1599 896 1682 Philosophiae
907 1598 1088 1682 plurimum
1099 1597 1321 1661 commendat.

227 1699 308 1778 ‘Si,'
329 1701 447 1782 inquit,
463 1699 564 1763 ‘mihi
584 1718 651 1763 non
676 1701 799 1778 credis,
823 1701 906 1766 liber
919 1700 960 1764 de
984 1698 1218 1764 Consolatione
1240 1698 1322 1761 Phi-

225 1801 390 1883 losopbiae
405 1801 593 1865 revolvatur
608 1802 778 1878 attentiuS,
801 1808 834 1867 et
849 1802 988 1887 planum
1012 1802 1075 1865 erit
1095 1799 1169 1864 haec
1191 1799 1226 1862 in
1242 1819 1320 1864 con-

226 1904 363 1965 trarium
379 1903 505 1965 cedere.
552 1903 595 1966 Et
613 1905 691 1968 licet
708 1905 794 1969 liber
815 1905 870 1968 ille
886 1900 1035 1968 Verbum
1059 1922 1126 1966 non
1152 1901 1322 1984 exprimat

225 2005 441 2078 incarnatum,
470 2009 584 2067 tamen
616 2005 707 2089 apud
729 2023 800 2082 eos,
832 2005 1038 2086 quitatione
1064 2005 1219 2080 nituntur,
1251 2021 1320 2067 non

226 2103 405 2168 mediocris
419 2107 627 2172 auctoritatis
639 2112 709 2187 est;
733 2106 862 2170 eumad
883 2104 1129 2188 reprimendum
1141 2103 1321 2187 quemlibet

226 2207 427 2270 exulceratae
456 2208 577 2271 mentis
600 2208 750 2272 dolorem
771 2225 914 2288 congrua
937 2207 1059 2287 cuique
1074 2204 1321 2268 medicamenta

226 2308 397 2374 conficiat.
442 2309 517 2374 Nec
532 2310 555 2374 J
558 2311 673 2375 adaeus
683 2309 819 2394 quidem
833 2327 897 2371 nec
910 2307 1053 2372 Graecus
1067 2308 1130 2369 sub
1151 2313 1320 2389 praetextu

224 2412 392 2494 religionis
406 2413 579 2476 medicinae
594 2413 736 2478 declinet
748 2425 858 2487 usum,
875 2403 949 2473 cnm
971 2409 1182 2492 sapientibus
1205 2409 1240 2471 in
1254 2407 1321 2470 fide

224 2521 257 2576 et
278 2517 311 2576 in
335 2514 477 2596 perfidia
502 2513 742 2594 desipientibus
765 2513 815 2576 sic
841 2511 965 2575 vividae
991 2511 1129 2573 rationis
1156 2507 1320 2571 confectio

224 2613 379 2694 proficiat
393 2614 586 2689 artificiosa,
603 2620 641 2675 ut
654 2613 749 2677 nulla
762 2612 879 2694 religio
892 2611 984 2694 quod
1006 2611 1124 2673 miscet
1138 2609 1320 2672 abominari

225 2711 360 2788 audeat,
385 2715 451 2776 nisi
477 2716 552 2796 quis
583 2714 722 2777 rationis
753 2731 874 2796 expers
902 2717 963 2775 est.
1022 2709 1102 2772 Sine
1126 2707 1320 2772 difficultate

225 2811 410 2894 profundus
424 2816 521 2877 estin
545 2814 731 2891 sententiis,
757 2815 791 2876 in
808 2815 921 2878 verbis
935 2813 1007 2875 sine
1031 2811 1319 2890 levitateconspi-

225 2931 322 2989 cuuS,
337 2916 446 2975 orator
460 2915 649 2992 vehemens,
666 2915 785 2979 efficax
806 2914 1058 2985 demonstrator.
1101 2909 1156 2973 Ad
1179 2909 1213 2973 id
1230 2908 1319 2989 quod

224 3012 427 3098 sequendum
442 3021 503 3100 est,
516 3034 604 3079 nunc
616 3016 799 3096 prolabitur
809 3013 967 3091 suadens,
976 3033 1065 3077 nunc
1076 3012 1176 3095 quasi
1187 3013 1319 3076 stimulo

224 3117 431 3183 necessitatis
447 3115 644 3199 impellens?

739 3248 790 3312 ΙΙ.

265 3370 357 3436 Huic
373 3373 454 3436 addi
468 3378 579 3455 potest
602 3373 715 3433 auctor
729 3367 805 3434 libri
829 3369 871 3435 de
897 3369 1026 3454 Spiritu
1053 3375 1087 3434 et
1102 3367 1236 3446 Anima,
1260 3371 1317 3454 qui

221 3467 304 3531 inter
320 3492 423 3552 opera
437 3474 471 3537 S.
487 3473 669 3556 Augustini
683 3471 841 3537 refertur:
871 3473 901 3537 si
920 3478 1032 3536 tamen
1057 3490 1139 3534 vera
1164 3479 1218 3533 est
1239 3490 1318 3534 con-

217 3567 526 3650 jecturaVincentii
540 3577 572 3637 in
588 3576 735 3657 Speculo
747 3574 921 3651 historiali,
934 3569 1316 3649 etAbbatisTrithemii,

223 3669 279 3752 qui
295 3679 447 3734 asserunt
461 3673 548 3736 hunc
569 3681 739 3739 auctorem
761 3695 836 3739 esse
860 3674 1042 3752 Hugonem
1059 3693 1080 3736 a
1096 3673 1218 3734 Sancto
1234 3671 1315 3734 Vic-

221 3777 301 3847 tore,
323 3772 452 3854 quippe
481 3775 540 3855 qui
569 3774 710 3842 florebat
744 3794 832 3840 anno
862 3773 984 3838 Christi
1021 3773 1116 3836 naa
1141 3771 1196 3833 hic
1227 3773 1315 3838 enim

220 3886 352 3950 auctor,
369 3874 525 3955 quisquis
540 3876 597 3952 sit,
621 3897 685 3942 non
705 3877 815 3946 solum
837 3874 929 3941 ducit
955 3874 1074 3938 honori
1089 3872 1209 3936 referre
1224 3877 1316 3959 cogi-

221 3978 363 4041 tationes
379 3981 414 4038 et
428 3975 531 4040 verba
547 3977 685 4043 Bo'ethii
710 3980 821 4063 capite
836 3976 1015 4040 undecimo
1031 3974 1166 4039 dicens:
1191 3976 1314 4042 ‘Mens

220 4094 307 4142 nnuc
334 4082 437 4161 capnt
467 4079 605 4142 summis
630 4079 757 4155 inserit,
786 4098 875 4143 nune
906 4077 1030 4143 desidit
1057 4080 1092 4143 in
1118 4080 1255 4158 infima,’
1282 4086 1315 4144 et
