2790 4800
514 282 772 337 ruinosornns
796 284 868 336 mn.
891 286 917 334 r.
1222 270 1266 336 20

165 423 285 508 Atque
304 429 340 490 tn
362 426 445 490 hano
470 427 669 492 seutentiam
693 425 848 493 Platonis
868 446 924 495 ore
950 429 1106 508 sanxisti,
1132 429 1264 496 Beatus

165 526 237 589 lore
252 526 490 611 Respublicas,
510 528 539 591 si
564 548 623 593 aas
648 529 700 593 vol
727 530 872 594 studiosi
897 531 1073 615 sapientiae
1101 539 1263 615 regerent,

167 625 222 689 vel
250 647 361 696 earum
389 637 531 695 rectores
553 631 689 696 studere
720 633 895 717 sapientiae
924 635 1148 718 contigisset·
1204 635 1261 701 ⁷l¹n

165 725 316 808 ejusdem
336 731 398 794 viri
422 751 478 794 ore
492 731 577 797 hanc
599 733 813 816 sapientibus
840 735 1083 818 capessendae⁰
1107 736 1262 820 Reipub-

164 828 243 895 licae
279 836 499 899 necessariam
535 855 677 900 causam
707 854 780 899 esse
810 838 984 915 monuisti,
1021 857 1065 900 ue
1101 839 1262 923 improbis

164 931 404 1018 flagitiosisque
419 937 550 1000 civibus
574 937 709 998 urbium
734 937 851 999 relicta
876 938 1110 1017 gubernacula,
1133 945 1262 1021 pestem

163 1031 261 1097 bonis
286 1055 328 1101 aa
351 1038 533 1118 perniciem
559 1035 740 1101 inferrent.²
783 1036 885 1099 Hanc
910 1037 1010 1118 igitur
1034 1040 1263 1106 auctoritatem

163 1141 312 1212 secutus
329 1137 422 1218 quod
439 1143 508 1199 ate
529 1137 615 1199 inter
630 1143 757 1200 secreta
772 1136 840 1199 otia
853 1136 1065 1215 didiceram?
1086 1140 1262 1205 transferre

163 1232 198 1294 in
214 1239 327 1298 actum
348 1235 496 1316 publicae
522 1235 822 1300 administrationis
847 1239 974 1319 optavi.
1017 1239 1072 1305 'l'u
1097 1241 1207 1320 mihi:
1227 1249 1262 1307 et

164 1334 223 1415 qui
239 1339 271 1397 te
286 1337 488 1417 sapientium
513 1338 683 1400 mentibus
705 1337 844 1401 inseruit
860 1339 968 1416 Deua,
983 1343 1085 1405 estis³
1110 1345 1263 1422 conscii,'

162 1435 292 1500 nullum
318 1458 379 1502 me
396 1439 440 1504 ad
475 1441 756 1522 magistratum,u
789 1440 858 1506 nisi
887 1459 1060 1508 commune
1094 1447 1261 1512 bonorum
1294 1497 1297 1504 .

193 1643 207 1668 ¹
220 1635 356 1702 Philosophi
376 1644 493 1702 regerent,
509 1645 551 1689 uait
565 1641 644 1704 Reges
653 1639 881 1702 philosopharentur.
1021 1650 1033 1674 ⁰
1049 1641 1261 1700 administrando.
1294 1679 1298 1687 -

159 1706 177 1732 ¹⁹
191 1699 317 1752 ri'tadeado.
387 1709 400 1735 ²
418 1704 575 1754 Testcssslt's.
639 1705 866 1754 'Procuratiousm
886 1704 990 1754 munais
1008 1705 1107 1770 publici.

158 1925 225 1971 anns,
246 1905 314 1973 Reg.
333 1917 361 1960 et
377 1911 446 1962 Flos.
469 1913 553 1962 codex
569 1913 795 1977 habentjerrsuls
811 1914 880 1981 quod
900 1921 996 1967 rectum
1015 1923 1092 1980 putat
1103 1918 1260 1968 Bernart-

161 1979 177 2024 8
194 1975 226 2024 ln
237 1975 304 2024 Mss.
315 1980 344 2025 et
362 1975 406 2026 ed.
423 1976 539 2028 Floreat.
549 1978 625 2034 abest
638 1982 728 2032 vocula
742 1981 857 2032 ostia—l
874 1981 883 2010 ‘
891 1981 1039 2034 Monuinrue
1053 1997 1134 2050 supra
1143 1982 1260 2035 scribon·

651 2129 758 2181 NOTAE

161 2218 227 2269 vivit
253 2221 349 2284 genus!
388 2221 458 2274 Hinc
486 2224 542 2290 ipse
563 2224 689 2276 Boiitbius
728 2226 847 2275 venerit:
865 2224 959 2288 quade
974 2239 1003 2274 re
1019 2229 1050 2273 ut
1066 2225 1151 2273 nullus
1167 2239 1259 2288 super.

160 2297 248 2345 ‘hanc
259 2299 440 2350 anctoritatem
456 2300 578 2362 secutus,'
593 2301 689 2364 quoda
729 2307 797 2349 esset
808 2299 945 2348 dubitandi
964 2299 1048 2358 locas,
1064 2297 1259 2362 jusjurandun,

160 2373 326 2436 Philosophia
344 2375 413 2424 inter
434 2381 535 2424 secreta
554 2377 618 2435 otia,
633 2376 689 2425 sive
730 2374 927 2424 affirmationem
956 2372 1103 2434 religiosam
1134 2371 1259 2424 adhibeas

160 2456 306 2498 ceterorum
317 2448 444 2498 hominurn
457 2450 591 2512 colloquiis
608 2456 635 2499 et
652 2449 689 2498 in·
729 2450 738 2476 ‘
748 2449 790 2498 Tu
808 2447 869 2496 mihi
889 2452 917 2496 et
938 2446 1009 2495 Deos
1029 2443 1144 2495 conscii!
1176 2446 1260 2500 Sic'S‘.

160 2524 382 2587 terpellationibus
400 2538 451 2574 non
468 2525 617 2589 impeditus,
632 2526 688 2576 ‘db
729 2524 826 2574 Paulus
845 2525 953 2573 Roman.
971 2535 992 2572 1.
1008 2526 1036 2570 et
1052 2519 1085 2568 ad
1109 2519 1223 2586 Philipp.
1240 2537 1261 2575 r.

158 2603 268 2663 diceret,
282 2600 422 2651 transferre
439 2602 465 2650 in
478 2609 564 2652 actum
576 2603 687 2666 publica
723 2600 818 2663 jurat:
834 2599 931 2647 ‘testis
950 2597 1012 2646 mibi
1030 2602 1070 2645 est
1088 2596 1182 2647 Deus!
1213 2597 1258 2649 Sic

156 2678 385 2729 administrationis
403 2678 524 2741 optarit,’
541 2694 556 2727 a
578 2680 686 2744 theoria,
723 2678 798 2741 jurat
815 2675 895 2725 Nisus
912 2673 1014 2722 AEneid.
1033 2686 1073 2722 lx.
1093 2677 1198 2724 vali&
1213 2675 1257 2726 ‘0

157 2755 195 2804 uti
207 2756 356 2820 loquuntur,
371 2754 403 2804 ad
415 2755 514 2819 ptaxim
527 2769 686 2819 progressus.
727 2752 828 2813 Rutuli,
847 2764 906 2799 mea
924 2749 1099 2799 frausomnis:
1118 2751 1181 2800 nihil
1197 2751 1259 2814 ista,
1296 2793 1297 2796 ,

189 2831 254 2879 ‘Tu
273 2831 344 2893 mibi]
371 2843 412 2878 ru.
428 2829 554 2879 Boiithius
574 2831 647 2880 addit
658 2846 686 2880 se
726 2826 1257 2888 necausus,Necpotuit:coelurnbocet

156 2913 290 2969 praecepta
303 2905 687 2967 philosophicadiligenterexe.
727 2901 831 2949 conscia
842 2900 929 2949 sidero
941 2900 1042 2951 testor!
1076 2902 1183 2965 Optime
1198 2909 1257 2954 tan·

158 2978 344 3038 cntnmluisse,
360 2993 439 3041 seque
451 2993 483 3028 eo
494 2980 621 3030 duntaxat
635 2981 687 3030 line
727 2977 787 3027 dem
802 2977 909 3026 ‘Deus’
925 2977 1019 3027 dicitnr
1041 2978 1257 3043 ‘Philosophiam

158 3055 209 3103 ‘ad
236 3054 430 3117 magistratum'
447 3055 594 3106 accessisse.
628 3057 687 3106 Val·
726 3053 1015 3118 sapientiummentibus
1023 3054 1162 3103 inseruisse
1171 3054 1188 3103 :'
1197 3069 1258 3104 naua

158 3131 226 3178 linas
237 3138 325 3179 mouet
336 3128 497 3178 scribendum
509 3130 550 3180 hic
561 3145 617 3181 esse
636 3148 685 3183 aaa·
726 3130 894 3194 Philosophia
910 3131 1060 3194 cognitione
1071 3135 1099 3179 et
1111 3143 1200 3177 amore
1211 3142 1258 3192 op·

156 3207 327 3268 gidoebtum
354 3205 421 3270 qnod
447 3206 573 3258 Boiithius
605 3207 685 3259 fuerit
726 3207 844 3257 limarum
872 3220 959 3255 rerarm
985 3205 1145 3290 continetpr.
1184 3203 1259 3255 Sicut

157 3283 284 3344 magister
305 3280 456 3343 officiorum,
482 3298 539 3348 quae
572 3282 685 3347 dignitas
724 3278 1258 3340 autemDeaocreandamatenam‚eldera

158 3358 253 3422 passim
262 3357 687 3424 mogiusriatssappeliaturffluod·
726 3357 835 3422 liguram
853 3363 883 3405 et
900 3362 1000 3402 motum
1021 3353 1057 3400 sic
1077 3352 1216 3417 impressit,
1227 3361 1258 3406 ut

157 3448 207 3499 que
219 3448 260 3496 ea,
270 3449 326 3498 quas
338 3431 463 3481 Boiitbins
480 3435 606 3497 praeclare
625 3449 642 3483 a
659 3449 688 3484 se
728 3430 853 3496 quicquid
865 3428 978 3477 subinde
988 3427 1047 3477 huic
1057 3429 1172 3480 materiae
1181 3443 1256 3483 aece-

155 3508 228 3559 lacta
247 3523 307 3562 mox
326 3515 455 3570 recenset,
470 3508 496 3557 in
513 3523 545 3556 ea
561 3509 688 3572 dignitate
729 3506 768 3554 dit
778 3505 868 3568 figurae
880 3510 907 3554 et
917 3510 1011 3567 motus,
1021 3502 1046 3552 id
1058 3504 1121 3554 nihii
1132 3506 1200 3557 aliud
1211 3507 1256 3571 sit,

155 3586 312 3635 constitutus
323 3583 426 3634 fecerit.
459 3583 510 3634 Sed
519 3583 574 3634 irasc
585 3584 622 3633 ita
633 3583 688 3634 fue·
727 3596 805 3646 quam
814 3582 916 3645 quidam
928 3581 1020 3646 prioris
1031 3581 1121 3646 figuras
1133 3592 1161 3635 et
1169 3592 1256 3637 motus

156 3662 214 3724 rint,
224 3661 286 3710 nihil
298 3660 340 3709 iric
356 3659 507 3709 mutandum
523 3660 688 3723 arbitramur,
727 3658 828 3720 modus,
844 3658 909 3721 sive,
920 3666 949 3708 ut
961 3660 1100 3724 loquuntur
1115 3661 1256 3712 ‘determi-

156 3736 222 3799 qnod
240 3736 367 3799 generalis
390 3736 431 3786 hic
453 3737 575 3801 loquendi
595 3736 686 3788 modus
726 3733 819 3785 natio?
842 3735 910 3785 baud
935 3735 1012 3784 aliter
1040 3738 1114 3787 Deus
1142 3736 1255 3789 creando

158 3812 242 3873 aptior
256 3814 291 3862 sit
311 3813 343 3862 ad
365 3812 527 3876 probandum
545 3814 685 3867 Boitbium
725 3818 838 3862 mentem
857 3812 1004 3874 humanam,
1015 3813 1106 3876 ¹eidem
1122 3814 1256 3861 notionem

158 3888 296 3948 preceptis
307 3887 685 3954 philosophicisssmpersuisse
724 3895 752 3940 et
771 3889 966 3939 inclinationem
983 3888 1016 3937 de
1033 3903 1065 3938 eo
1085 3887 1154 3951 quod
1171 3880 1256 3931 ‘Est'

158 3957 414 4022 addictissimum,ita
425 3970 454 4012 nt
464 3978 496 4013 ne
504 3965 536 4014 ad
546 3980 622 4016 unam
630 3967 685 4030 qui·
724 3966 778 4016 sire
790 3966 823 4015 de
842 3965 899 4029 ipso
921 3967 982 4014 Dea
1004 3964 1041 4012 ita
1061 3961 1204 4022 impressit,
1221 3961 1257 4008 *ut

159 4031 220 4080 dem
241 4033 402 4098 dignitatem,
416 4040 483 4088 ‘nisi
499 4043 627 4092 communi
641 4043 684 4091 bo·
724 4041 845 4106 quicquid
857 4047 950 4104 postea
965 4040 992 4086 in
1004 4035 1096 4085 eadem
1107 4039 1195 4082 mente
1207 4033 1257 4084 ori*

158 4109 367 4162 norumomuium
377 4111 478 4160 studio’
490 4115 684 4179 impntmaper·
723 4115 893 4167 tornationis
913 4119 942 4163 et
959 4105 1144 4172 inclinationis,
1163 4108 1254 4165 saltem
