2790 4800
204 275 250 341 64
556 285 710 337 souuuu
731 285 781 336 ou
803 285 956 336 consor„

702 428 809 478 NO'l'lE

208 526 267 575 dem
283 538 340 574 cum
353 529 436 573 metus
448 523 596 574 amittendae
608 525 737 588 prosperi·
777 523 939 588 prosperitas
956 529 1077 574 constans
1090 519 1212 586 nonfuit,
1228 537 1306 587 quou-

208 599 269 649 tstis
296 599 414 661 quaetlam
442 599 476 647 sit
496 598 611 660 miseris,
636 600 737 649 idcirco
777 598 1306 664 doquidemilledegrodudejectusest:

208 673 279 722 nulla
288 673 395 720 hominis
413 673 571 735 prosperitas
587 674 678 723 haberi
689 690 737 738 po·
776 674 887 737 hincque
923 672 1090 723 manifestum
1122 681 1164 723 est
1196 673 1308 737 aliquem

208 756 263 799 test
281 747 403 808 felicitas,
422 747 473 796 nisi
490 749 544 797 horo
565 747 643 798 fuerit
659 751 739 812 parti·
778 749 895 812 potuisse
913 748 1016 813 cadere,
1034 749 1104 813 quod
1122 748 1191 798 idem
1206 749 1308 800 cecide·

211 839 273 887 ceps
290 823 451 885 constantiae,
471 823 546 884 cujus
566 825 610 872 ille
629 826 662 871 sit
678 839 739 874 con·
778 823 823 875 rit.

210 899 297 950 scius:
321 899 425 961 jactata
451 905 537 947 autern
563 897 609 947 illo
637 898 741 949 Boiitlrii

650 1268 810 1334 PROSA
832 1271 860 1335 1.

172 1506 174 1511 Ι
256 1415 348 1481 HAEc
377 1417 456 1479 dum
481 1424 611 1482 meoum'
624 1419 780 1499 {tolcitus³
797 1423 870 1504 ipse
893 1429 1112 1503 reputarem:
1140 1422 1310 1504 querimo-

157 1516 173 1593 λ’
212 1521 368 1602 uiamque
376 1520 626 1602 lacrymabilem
638 1521 717 1602 styli
729 1520 857 1585 officio·
873 1521 1131 1601 designarem,⁶⁴
1146 1522 1312 1586 astitisset

152 1602 158 1629 '
210 1621 291 1684 mihi
306 1639 408 1701 supra
421 1620 598 1684 verticem⁶
620 1621 695 1685 visa
711 1628 764 1684 ost
785 1621 908 1684 mulier
929 1623 1104 1685 reverendi
1130 1623 1311 1686 admodum

243 1820 255 1844 ¹
273 1813 444 1874 Recogitorem.
479 1811 601 1862 *columi
613 1827 655 1874 ope
665 1817 779 1863 uotorm.
811 1815 1014 1878 ‘Coputmeuu

246 2009 260 2052 3
282 2003 377 2052 l’ocs'tus
398 2019 486 2052 mecum
511 2003 572 2054 edd.
594 2005 689 2069 Delph.
712 2011 740 2054 et
761 2005 896 2057 flach-4
917 2009 1057 2073 ‘Veteres,
1077 2009 1213 2072 signarem:
1235 2009 1312 2073 plane

707 2117 813 2168 NOTlE

246 2212 334 2278 'Stpli
344 2211 429 2278 officio]
441 2213 530 2276 Stylus
544 2219 585 2263 est
597 2213 742 2276 graphium,
785 2214 889 2264 doctius
900 2215 962 2264 nihil
978 2215 1029 2266 dici
1043 2222 1141 2280 potest,
1156 2232 1233 2281 quam
1245 2217 1314 2281 qaod

214 2304 264 2352 quo
275 2290 387 2337 Veteres
404 2288 429 2335 in
442 2302 503 2337 cera
513 2288 676 2337 exorabunt:
694 2288 742 2338 hoc
784 2290 968 2341 anobilissimo
979 2293 1086 2353 lluetio,
1100 2293 1252 2357 conquisitis
1268 2307 1314 2341 uu·

211 2374 300 2416 autem
322 2367 403 2416 veluti
420 2367 520 2414 calamo
541 2379 569 2414 se
587 2380 662 2415 osum
678 2364 744 2415 dicit
784 2367 864 2430 dique
882 2369 1010 2430 exemplis
1031 2367 1128 2418 dicitur
1146 2368 1173 2416 io
1191 2369 1314 2432 opusculo

213 2445 384 2495 Boiitlriusad
400 2442 551 2493 scribendos
568 2457 657 2493 sersus
676 2457 743 2506 prae-
786 2443 839 2492 ‘de
862 2442 972 2505 origine
995 2443 1211 2506 Rouaoensiusr,'
1237 2445 1315 2514 quod,

213 2521 307 2580 dictos,
323 2535 386 2584 quos
407 2527 481 2568 vocat
499 2517 697 2580 ‘querimoniam
708 2518 744 2566 la·
779 2506 808 2568 ‘si
826 2520 924 2581 placet,
939 2521 1064 2571 consules.
1098 2520 1179 2583 Atqui
1196 2520 1315 2569 Philoso-

214 2594 401 2656 crymabilem,'
413 2592 482 2658 quod
495 2593 546 2643 sint
557 2592 648 2656 Elegi:
668 2593 745 2656 Elegi
784 2594 854 2656 phio,
865 2602 959 2656 utpote
975 2611 1031 2658 que
1049 2595 1075 2643 in
1093 2596 1204 2658 quadam
1219 2596 1314 2645 mentis

213 2671 281 2719 enisu
293 2676 353 2719 sunt
365 2686 454 2719 versus
467 2670 632 2720 miserabiles.
783 2668 943 2730 cogitatione
965 2673 1093 2730 versatur,
1115 2680 1193 2717 sensu
1212 2671 1314 2733 percipi

245 2744 399 2807 bastitisse]
415 2748 464 2796 Est
481 2748 531 2797 hoc
549 2749 576 2796 in
595 2761 665 2796 more
677 2747 745 2810 posi·
784 2756 833 2793 nou
847 2750 951 2807 potest:
967 2744 1132 2809 quasuobrem
1143 2745 1316 2809 lsauc,objec·

215 2829 280 2882 tum‚
290 2835 342 2869 non
352 2820 428 2870 modo
445 2823 514 2884 opud
532 2823 639 2886 Foetes,
655 2838 745 2873 verum
786 2819 933 2885 teotradum
951 2835 980 2872 re
1000 2820 1097 2885 sensili,
1106 2820 1231 2872 Boethius
1247 2824 1316 2873 arbi·

214 2897 293 2946 etiam
306 2896 375 2958 opud
388 2896 523 2959 Oratores,
540 2906 570 2948 ut
587 2898 655 2962 quod
669 2912 747 2948 seusu
785 2904 869 2950 uatus
884 2905 925 2951 est
943 2900 993 2950 sibi
1005 2901 1125 2964 primum,
1134 2899 1229 2950 ueruto
1239 2900 1315 2950 aubis

214 2971 318 3036 percipi
334 2986 385 3020 uon
402 2979 501 3033 potest,
519 2974 544 3022 id
566 2975 670 3038 objecta
684 2989 747 3040 qua·
785 2989 843 3026 esse
851 2977 1054 3040 proponendam.
1084 2975 1257 3040 Philosophus
1274 2990 1317 3025 au·

214 3047 274 3099 darn
287 3062 315 3096 re
329 3046 428 3106 sensili,
446 3047 497 3094 sibi
515 3049 637 3112 primum,
652 3049 747 3100 deinde
786 3059 840 3101 tem
848 3052 888 3101 lrio
896 3059 1083 3116 proponuntur,
1092 3057 1116 3101 1.
1127 3051 1218 3114 Origo,
1227 3056 1252 3101 2.
1262 3052 1315 3101 Na·

214 3123 376 3174 auditoribus
399 3121 451 3170 suis
469 3123 634 3184 cogitandum
653 3141 746 3190 propo·
787 3133 855 3188 turo,
867 3133 891 3179 t.
903 3129 1028 3190 Subjsota
1035 3127 1173 3189 Meterisu
1187 3131 1212 3177 t.
1222 3127 1316 3187 Voces,

214 3210 294 3253 nant:
313 3209 342 3252 ut
360 3215 418 3266 quas
429 3200 525 3249 veritas
538 3201 648 3262 primum
658 3203 700 3254 hie
710 3204 746 3252 la·
786 3209 813 3254 ὅ.
824 3203 940 3266 Species,
951 3207 976 3251 6.
988 3203 1065 3251 Usus.

215 3278 398 3341 torculetur,
413 3277 469 3326 lraec
484 3274 638 3328 difficultate
649 3279 748 3328 inveni·
818 3279 842 3328 1.
850 3277 936 3340 Igitur
947 3276 1030 3341 Origo
1042 3277 1217 3340 Philosophia
1229 3277 1255 3327 iu
1267 3278 1316 3327 hoc

216 3355 278 3404 endi
295 3355 376 3418 magis
394 3353 511 3404 arrideat
530 3353 644 3405 invente.
676 3355 747 3404 Hinc
787 3353 951 3418 proponitur,
973 3352 1042 3417 quod
1067 3353 1178 3402 ‘mulier
1199 3350 1266 3402 visa’
1282 3353 1317 3401 ait

216 3425 361 3478 ‘familiare
379 3436 420 3479 est
438 3431 511 3492 Syris
531 3436 559 3480 et
575 3431 686 3481 maxime
698 3431 748 3480 Po·
787 3428 899 3480 Boethio
919 3428 1053 3478 ‘astitisse
1068 3443 1147 3492 sopra
1167 3428 1290 3477 verticem
1299 3427 1316 3477 :’

219 3576 258 3621 18.
276 3573 370 3625 Matth.
399 3578 449 3627 ‘ad
477 3594 578 3630 omnem
605 3595 749 3632 sermonem
790 3596 866 3646 quam
884 3582 970 3629 lumen
986 3581 1104 3628 naturale
1122 3577 1199 3640 paulo
1214 3576 1316 3637 lougius

216 3663 290 3697 tuum
302 3652 438 3712 parabolas
446 3655 569 3718 jungere,
581 3663 611 3707 ut
622 3657 690 3720 quod
702 3672 750 3721 per
790 3655 920 3715 diffusum,
937 3655 994 3704 lsaec
1012 3655 1107 3714 aneo,
1126 3666 1142 3700 s
1162 3665 1214 3712 quo
1229 3651 1317 3701 lumen

217 3723 327 3786 ’ῙΝΡῙΘΧ
345 3736 505 3792 preceptum
525 3733 610 3782 teneri
626 3733 659 3783 ab
677 3733 749 3783 sudi·
787 3729 907 3780 uatnmle
920 3736 971 3788 cst,
988 3727 1088 3776 oritur:
1106 3725 1174 3773 unde
1185 3725 1283 3774 Tollius
1293 3742 1314 3777 1.

218 3799 318 3851 toribus
327 3817 378 3852 uon
389 3812 488 3869 potest,
496 3821 544 3870 per
554 3807 747 3857 similitudinem
788 3802 896 3854 lascul.
927 3807 934 3832 ‘
945 3799 1125 3863 Philosophia:
1141 3800 1235 3864 inquit,
1247 3802 1317 3852 ‘our-

216 3877 391 3940 exemplaque
403 3881 544 3932 teneatur?
577 3881 748 3944 thcsolga·
787 3879 858 3928 nium
868 3883 954 3927 mater
964 3877 1068 3937 artium,
1084 3875 1178 3926 donum
1190 3883 1219 3926 et
1228 3877 1317 3929 insen·
1340 3922 1343 3929 .

218 3957 247 4002 ta
258 3952 327 4016 apud
338 3953 694 4022 Auctores‘symbola'quar
705 3957 748 4006 vol
788 3961 843 4004 tutu
859 3949 990 4002 Deorum!
1021 3951 1110 4002 Quare
1125 3952 1183 4003 lroec
1199 3954 1318 4006 Philoso-

217 4027 303 4090 rebus‚
324 4029 365 4078 vel
388 4030 482 4095 verbis,
500 4034 543 4083 vel
560 4029 671 4096 pictoris
693 4029 747 4080 sive
788 4028 910 4093 phiaooo
921 4025 1004 4076 uisiin
1015 4025 1116 4078 subliau‘
1132 4028 1318 4094 locoetsuprs

218 4116 305 4153 rerum
322 4104 473 4170 imaginibus
490 4109 565 4159 fluct.
597 4105 656 4157 Qua
670 4104 702 4155 tle
719 4119 748 4154 re
786 4109 870 4169 eaput
878 4102 962 4154 videri
973 4101 1073 4168 debuit,
1081 4108 1201 4170 tauquam
1211 4105 1317 4157 roceto
