2790 4800
498 324 755 386 rurnosoerl-rm
784 337 853 386 nra.
878 340 901 386 r.
1187 326 1258 400 tut,

153 500 239 563 quos
276 472 410 545 infinitis
440 480 613 546 calumniis
642 482 806 566 impunita
834 483 1083 549 Barbaromm⁴
1117 498 1252 569 semper*
1354 494 1359 502 “

157 581 321 646 avaritia·
349 583 505 662 vexabat,
532 584 668 669 objecta
695 586 855 668 periculis
870 585 1070 650 auctoritate
1099 587 1255 668 protexit

158 681 342 765 Nunquam
370 703 423 747 me
443 685 489 748 ‘ab
517 685 596 768 jure
632 687 676 749 ad
701 687 856 771 injuriam
884 690 1061 771 quisquam
1095 686 1249 753 detraxit.
1303 732 1305 737 ,

155 782 585 850 Prouincialium-fortunas
604 792 675 850 tum
700 788 841 869 privatis
858 791 997 870 rapinis,
1020 796 1089 851 turm
1103 789 1256 869 publicis·

155 886 395 968 vectigalibus·
430 886 656 970 pessumdari,
690 906 754 950 uon
783 888 893 964 aliter,
911 907 1028 970 ssquam
1058 889 1116 970 qui
1143 891 1256 971 patio--

184 1078 197 1111 ‘³
215 1081 356 1132 Gothorum.
422 1082 554 1132 ‘lutcus
566 1083 665 1146 iniquia.

647 1198 759 1286 nora*

186 1369 198 1394 ⁶
216 1361 337 1425 Impunita
347 1363 509 1414 Borboooruut
527 1379 616 1428 semper
626 1379 681 1414 coo·
724 1370 881 1428 potestatem
893 1365 1015 1427 adducta,
1026 1382 1102 1430 quam
1114 1366 1258 1429 magistra-¹

154 1438 225 1502 sitio]
240 1439 353 1488 'l'ertinru
370 1439 474 1489 Boethii
495 1442 614 1490 meritum
632 1442 682 1504 pri·
724 1442 761 1491 tui
773 1457 820 1492 suo
839 1442 1068 1492 administrandam
1084 1443 1231 1507 subjecerat
1242 1463 1258 1506 3.

155 1514 242 1563 oribus
253 1528 285 1563 eo
296 1516 461 1581 majus,quod
474 1519 532 1582 plus
541 1518 575 1567 sit
587 1518 681 1582 turbae,
721 1518 946 1593 (Prqvinciaenim
955 1519 1093 1567 aiodicitur
1101 1519 1259 1582 queriregio

153 1602 228 1654 quarn
245 1592 318 1640 unius
340 1593 452 1657 improbi
473 1594 547 1644 malis
567 1595 680 1645 consiliis
721 1595 812 1659 procul
834 1595 961 1645 vincenda
981 1601 1026 1642 aut
1046 1592 1253 1656 potiunculam)

153 1666 281 1718 resistere.
323 1669 487 1720 ‘Barbarus'
509 1677 597 1721 autern
616 1672 682 1721 anti·
722 1669 1134 1733 propterealiotuauisaliieraut
1150 1667 1259 1731 ‘Socii'⁴

153 1743 239 1806 quitus
261 1743 306 1793 ille
322 1745 430 1794 cuilibet
452 1746 524 1808 genti
537 1745 682 1808 dicebatur,
723 1744 988 1795 elii‘Provinciales:'
998 1748 1006 1771 ‘
1016 1741 1178 1803 Socii'suis,‘
1189 1741 1254 1790 Pro·
1294 1736 1295 1741 ’

153 1821 208 1885 qui,
229 1820 299 1884 quod
321 1827 470 1882 extranens,
490 1823 622 1884 vulgarem
645 1823 682 1872 lo·
724 1818 864 1869 vinciales’
883 1820 973 1869 olienis
997 1819 1118 1869 vivebant
1134 1817 1263 1881 legibusz‘

152 1894 250 1959 quendi
266 1893 370 1942 modum
388 1909 439 1944 uon
451 1901 503 1944 tant
514 1897 683 1959 pronuntiare
723 1895 792 1945 unde
801 1897 893 1947 Cicero
903 1898 978 1948 Verr.
988 1903 1065 1948 vrset
1076 1895 1253 1946 inMeniliene

154 1983 231 2032 quarn
240 1969 422 2019 murmurando
434 1970 593 2022 confundere
612 1974 682 2023 ride·
722 1972 768 2022 bos
780 1973 873 2023 merito
886 1972 1037 2038 distinguit:
1056 1970 1197 2035 ‘Bellona'
1211 1971 1251 2021 iu·
1307 1994 1312 2000 ·

156 2045 250 2094 batur:
267 2044 326 2094 binc
347 2047 463 2097 nonnulli
478 2048 622 2112 conjiciunt
639 2064 682 2099 ro·
722 2049 787 2114 quit,
803 2048 895 2112 ‘grove
915 2057 943 2099 et
961 2051 1135 2114 periculosum
1155 2049 1251 2099 vestris

155 2133 213 2168 cem
234 2118 309 2181 hanc,
325 2120 488 2184 ‘barbason'
505 2138 561 2173 esse
581 2123 614 2174 de
632 2138 679 2174 uu·
721 2125 889 2189 vectigalibus
899 2132 978 2191 atque
989 2125 1083 2178 sociis.'
1105 2126 1195 2190 Atque
1202 2125 1260 2175 bos¹
1304 2152 1308 2158 «

154 2208 227 2244 mero
241 2207 329 2245 eorum
346 2199 525 2248 vocabulorum
533 2200 689 2264 quae,quod‘
720 2201 1067 2251 ‘Provinciales’Boiitlrios
1088 2208 1160 2251 tanta
1170 2201 1261 2250 animi·

153 2285 207 2321 rein
218 2286 270 2322 ase
278 2273 445 2336 significatam
453 2277 568 2325 aemulari
575 2277 681 2325 videan-
721 2277 899 2340 nragrritudine
910 2277 1035 2339 protexit,
1048 2282 1077 2324 ut
1096 2276 1193 2323 nemini
1205 2277 1253 2326 ul·

157 2354 209 2408 tur,
226 2346 433 2408 mompbosire
449 2348 580 2399 ‘factitia'
595 2351 681 2399 vocari
723 2351 773 2399 ltrn
784 2364 876 2413 possus
896 2349 978 2398 fuerit
997 2349 1088 2397 inferri
1109 2350 1228 2412 iujuriam
1243 2367 1264 2399 ι·
1308 2369 1311 2374 ·

155 2425 282 2488 solent,ut
292 2425 414 2487 ‘balare,’
425 2425 539 2488 ‘boarc,'
547 2427 555 2454 ‘
563 2425 682 2474 hinniret’
723 2427 731 2453 ⁴
743 2425 881 2489 Nunquam
893 2423 952 2484 me,’
968 2425 1061 2488 iuquit,
1075 2428 1083 2450 ‘
1095 2424 1128 2473 ab
1145 2425 1207 2486 jure
1218 2426 1258 2476 ad-

155 2501 198 2549 alii
206 2501 264 2563 ejus
276 2499 521 2563 origineminferunt
530 2499 683 2550 exArsbico
724 2501 842 2564 injuriam
854 2498 987 2565 quisquam
1009 2500 1124 2548 detraxit
1134 2500 1151 2559 ;’
1168 2507 1212 2551 aut
1228 2502 1264 2550 ri·

153 2577 248 2639 lorber,
258 2591 397 2628 murmuro.
430 2577 501 2627 Hinc
514 2577 614 2627 Graecis
628 2579 684 2642 qui·
724 2593 773 2626 nou
784 2577 907 2627 obstante
916 2575 973 2639 ejus
985 2575 1263 2641 diligentincontige»

153 2668 263 2718 cumque
275 2654 364 2705 Graeci
376 2669 426 2704 nou
446 2661 529 2717 erant,
545 2657 553 2683 ⁴
563 2655 666 2705 barbari
676 2656 683 2677 '
722 2653 767 2715 rit,
777 2651 995 2702 ‘Prouincialium
1006 2651 1122 2700 fortunas
1136 2658 1188 2702 tum
1199 2654 1250 2715 pri·

152 2729 323 2780 dicebantur:
350 2732 419 2781 sicut
440 2732 550 2794 Latinis,
567 2733 682 2795 quicum·
722 2733 788 2781 vatis
800 2730 915 2794 rapinis,'
934 2729 1145 2794 (utaConigasto
1156 2732 1264 2782 et'l'ri··

154 2821 265 2871 quenon
277 2814 354 2857 eraut
372 2807 466 2856 Latini.
500 2808 577 2856 Unde
597 2809 681 2857 Hora·
721 2807 824 2872 guilia,)
847 2810 918 2856 ‘tutu
934 2807 1045 2870 publicis
1064 2809 1263 2874 vectigalibus:-

153 2883 204 2931 tius
218 2883 303 2944 Epod.
321 2897 362 2930 rx.
387 2882 519 2931 ‘Soueute
535 2883 640 2931 mistum
650 2883 681 2931 ti·
721 2885 762 2949 (ut
768 2885 801 2933 ab
813 2885 869 2948 ipso
875 2883 1045 2941 Tbeodorico,
1056 2887 1099 2949 qui
1109 2886 1177 2950 apud
1187 2887 1250 2937 Cas·

153 2959 202 3006 biis
215 2972 318 3007 carmen
334 2959 401 3020 lyra,
422 2958 481 3006 Hac
496 2959 616 3019 Dorium,
633 2960 683 3008 illis
722 2961 852 3010 sindornm
865 2962 926 3010 Ver.
946 2977 973 3010 v.
990 2963 1040 3025 Ep.
1052 2967 1093 3011 39.
1110 2962 1157 3011 ‘ed
1175 2977 1261 3012 sunna·

154 3033 321 3083 Barbarnmi'
362 3031 438 3083 Quod
458 3039 544 3082 autem
565 3036 683 3084 extranei
722 3037 882 3088 commodum
891 3039 1000 3102 amplius
1010 3037 1117 3088 festinat
1125 3038 1262 3101 exigere,)·

154 3108 683 3174 illi,utpoteuteribusdissimilea,incives
724 3114 894 3178 pessumdari,
919 3130 969 3163 nnn
992 3115 1079 3174 aliter,
1109 3128 1184 3176 quam
1208 3113 1266 3174 qui*

154 3201 225 3236 suam
243 3187 424 3237 crudelitatem
438 3201 561 3237 exercere
576 3205 683 3241 cousue-
724 3192 897 3254 patiebantur,
916 3189 1078 3239 indoluerit?
1097 3188 1168 3235 velut
1188 3188 1251 3249 iob,

155 3269 256 3325 verant,
265 3261 322 3312 fieri
333 3263 417 3326 potuit
425 3279 482 3325 usu,
492 3268 537 3314 ut‘
548 3266 681 3317 barbarus'
723 3270 766 3333 qui
777 3270 898 3332 capiti!
910 3275 986 3328 pater·
995 3265 1046 3311 t'uit
1057 3276 1211 3324 pauperum
1224 3275 1251 3315 et
1263 3284 1266 3300 ν’

152 3339 306 3397 idemesset
317 3338 384 3403 quod
401 3342 533 3391 ‘crudelis
546 3343 562 3393 ι’
578 3344 620 3393 bic
637 3358 681 3394 au·
723 3358 826 3391 causant
846 3355 924 3404 quam
946 3336 1091 3398 nesciebat,
1109 3338 1267 3402 diligentia-⁴

149 3424 206 3465 tem
226 3415 355 3465 ‘barbari’
367 3422 395 3464 et
403 3419 519 3466 extranei
529 3425 556 3467 et
564 3420 683 3468 crudeles
724 3419 788 3467 sime
796 3415 989 3478 investigabat:
1007 3415 1158 3466 conterebat
1170 3419 1249 3468 molas
1262 3430 1264 3434 ⁴

154 3500 229 3543 sunt:
248 3492 372 3557 siquidem
392 3492 573 3555 intelliguntur
593 3494 684 3555 Gothi,
724 3493 817 3556 iniqui,
826 3500 852 3540 et
863 3490 898 3539 de
908 3489 1106 3540 dentibusillius
1114 3492 1249 3545 artiercbat

153 3584 261 3635 quorum
290 3568 436 3631 ‘impunite
463 3568 586 3617 avaritia’
614 3568 685 3618 cives
725 3565 861 3628 proadem)
888 3566 1179 3631 *Deniqueceetigaisic
1194 3571 1267 3620 dic-⁴

151 3650 275 3712 ‘semper
293 3643 425 3705 vexabat,’
441 3643 490 3692 nisi
508 3644 564 3694 bac
582 3645 683 3694 Roe'tbii
726 3651 778 3691 tunt
790 3642 856 3706 quod
868 3656 883 3692 e
895 3650 1000 3692 vectura
1017 3644 1153 3706 pendatur,
1172 3647 1267 3696 tribu·-

152 3723 220 3771 curis
237 3721 439 3786 reprimeretur:
458 3719 528 3768 cives
549 3727 633 3768 auteur
646 3721 682 3768 illi
724 3725 777 3768 ium
796 3726 853 3768 orat
864 3720 931 3785 quod
942 3721 1115 3770 Provinciales
1130 3723 1251 3772 Romanis

152 3796 272 3847 dicuntur
296 3795 511 3859 ‘Provinciales,’
522 3795 582 3860 quie
592 3796 682 3846 alienis
724 3796 860 3847 solvebant
870 3813 917 3862 pro
933 3800 1097 3860 commercio,
1114 3811 1160 3863 pro
1172 3799 1250 3860 agris,
1263 3808 1266 3833 ³

155 3872 275 3922 vivebant
295 3873 405 3936 iegibus,
426 3886 457 3920 ac
479 3871 586 3936 iusuper
603 3873 680 3922 vesti·
721 3889 769 3937 pro
790 3874 878 3938 sylvis,
893 3889 941 3924 uec
953 3888 1003 3923 uon
1014 3875 1091 3923 etiam
1113 3888 1159 3936 pro
1175 3871 1250 3918 sale:

155 3948 224 4010 galet
235 3954 311 3996 eraut
329 3949 383 3996 siue
402 3947 573 4011 stipendiarii.
597 3949 679 3998 Nimi-
721 3951 789 4002 unde
809 3959 920 4018 quatuor
939 3959 1014 4001 erant
1026 3949 1194 4009 vectigalium
1207 3959 1248 4006 ge-

156 4037 211 4071 rum
221 4036 279 4070 cunr
298 4024 431 4083 provincia
446 4023 551 4086 proprie
562 4023 596 4073 sit
608 4025 697 4087 regio*
720 4043 802 4088 nera3
827 4043 921 4090 nempe
949 4020 1101 4088 potionum,
1126 4021 1251 4086 decurrite,

155 4113 170 4145 a
191 4095 286 4159 populo
297 4096 419 4156 Romano,
436 4104 465 4144 ut
476 4097 586 4158 distans,
595 4099 632 4148 sic
641 4115 680 4148 ar·
720 4105 858 4167 scriptura,
870 4109 898 4151 et
907 4100 1044 4150 salinarum
1056 4094 1168 4168 reditus..
1264 4132 1267 4139 .

150 4169 328 4227 miscentem,
344 4175 388 4218 sut
404 4171 639 4235 quomodocumque
655 4176 681 4222 in
747 4203 751 4209 ·
1021 4202 1024 4206 ·
