2790 4800
590 337 795 393 naussum.
1200 325 1243 390 17

190 483 248 549 Ad
263 482 477 566 Categoricos
490 482 708 569 syllogismos
722 482 976 552 introductionis
989 485 1111 553 librum
1125 503 1150 551 1.
1203 465 1206 472 ¹

193 584 237 648 Iu
250 583 381 667 Topica
394 584 560 650 Ciceronis
573 587 680 652 libros
712 603 761 652 vr.

193 686 248 751 De
263 687 461 754 Differentiis
474 689 613 774 Topicis
626 691 730 756 libros
745 707 795 754 rv.

192 790 245 854 De
260 790 460 875 syllogismo
474 792 673 876 Celegerico
684 794 792 857 libros
807 809 848 856 11.

192 891 245 957 De
258 893 461 989 syllogismo
477 895 706 980 Hypothetico
719 894 826 956 libros
843 911 885 960 rr.

539 1057 578 1103 ru
604 1054 859 1102 nun'ronrcrs:

93 1152 97 1158 ¹
190 1163 244 1230 De
261 1161 368 1225 Locis
384 1157 579 1222 Rhetoricis
592 1157 649 1221 lib.
667 1173 691 1220 ι.

520 1343 559 1390 ΙΝ
583 1344 875 1394 An1rnnsrrcls:

193 1460 376 1526 Transtulit
388 1459 632 1528 Nicomachum
657 1462 923 1531 Arithmeticum.
961 1462 1184 1532 Cassiodorus
1199 1468 1243 1533 de

147 1558 388 1629 Arithmetica:
412 1563 531 1630 ‘Hauc
547 1567 639 1652 apud
662 1568 805 1635 Graecos
822 1566 1053 1633 Nicomachus
1070 1568 1245 1651 diligenter

147 1667 328 1749 exposuit:
366 1688 466 1752 quem
483 1670 625 1752 primum
653 1669 893 1734 Madaurensis
917 1667 1096 1751 Apuleius,
1121 1670 1243 1734 deinde

146 1769 346 1851 magnificus
367 1773 419 1835 vir
435 1769 615 1847 Boethius,
642 1772 763 1835 Latino
785 1789 935 1857 sermone
951 1770 1158 1849 translatum,
1173 1769 1246 1837 Ro-

143 1869 256 1969 mauis
271 1870 414 1935 contulit
427 1868 665 1932 lectitandum!

193 1970 248 2034 De
263 1968 558 2037 Arithmeticalib.
575 1985 614 2031 11.

586 2137 629 2186 ΙΝ
653 2139 812 2190 nostes:

191 2253 376 2321 'Ihanstulit
391 2255 614 2340 Pythagoram
629 2258 811 2324 Musicum.

190 2357 334 2441 Scripsit
348 2357 392 2422 de
407 2356 546 2424 Musica
558 2361 664 2423 libros
680 2375 714 2418 v.

548 2536 588 2584 IN
613 2534 857 2585 cnorturltnt:

190 2657 377 2724 Transtulit
389 2655 577 2722 Euclidem.
596 2654 819 2721 Cassiodorus
833 2656 973 2736 loquens
984 2651 1025 2717 de
1034 2652 1245 2722 Geometria:

146 2760 275 2846 ‘Cujus
292 2760 505 2845 disciplinae,'
519 2761 641 2845 inquit,
665 2759 775 2844 ‘apud
792 2757 934 2822 Graecos
949 2755 1116 2835 Euclides,
1141 2755 1247 2842 Apol·

145 2862 268 2940 lenius,
282 2860 515 2939 Archimedes,
535 2881 596 2926 nec
632 2881 701 2924 nou
723 2866 755 2923 et
779 2858 838 2922 alii
864 2857 1039 2943 scriptores
1058 2861 1247 2944 prohabiles

147 2964 339 3028 extiterunt:
361 2983 405 3024 ex
432 2963 554 3042 quibus
580 2961 755 3024 Euclidem
779 2960 971 3037 translatum
994 2963 1030 3026 in
1054 2962 1247 3029 Romanam

144 3063 294 3144 linguam
316 3061 406 3124 idem
426 3061 479 3124 vir
500 3059 694 3144 magnificus
719 3059 885 3127 Boethius
910 3063 1012 3142 dedit,
1038 3064 1149 3147 quisi
1173 3064 1247 3127 dili-

148 3162 242 3246 genti
258 3181 339 3226 cura
360 3162 534 3245 relegatur,
559 3162 622 3227 hoc
648 3163 738 3246 quod
761 3162 802 3228 de
827 3165 1051 3231 divisionibus
1075 3163 1248 3248 praedictis

148 3269 301 3348 apertum
314 3269 374 3342 est,
396 3265 574 3332 manifesta
588 3264 806 3348 intelligentia
828 3273 863 3331 et
886 3269 978 3341 clara
1003 3265 1146 3328 veritate
1170 3281 1248 3346 cog-

148 3365 326 3430 noscetur:

191 3468 337 3553 Scripsit
350 3469 385 3533 iu
400 3469 628 3533 Geometriam
644 3469 797 3535 Euclidis
813 3467 917 3531 libros
932 3472 1009 3530 tres.

190 3571 244 3638 De
259 3570 467 3658 quadratura
482 3568 619 3634 circuli.

360 3757 401 3805 nr
426 3752 683 3816 cnocnnnnrn,
701 3753 748 3802 nr
770 3753 1031 3805 nsrnonount:

189 3857 376 3926 Transtulit
391 3860 614 3926 Ptolemaeum
629 3857 905 3927 Alexandrinum.

514 4047 554 4095 IN
580 4047 606 4093 M
613 4046 881 4096 unnPHYslcls:

198 4141 249 4208 De
263 4141 398 4208 Unitate
412 4151 445 4210 et
458 4146 536 4211 Uno
551 4149 610 4213 lib.
627 4166 652 4213 1.

213 4259 303 4324 Delplr.
314 4264 338 4308 ct
354 4259 410 4308 γαν.
422 4260 488 4307 Clas.
659 4264 746 4311 Buten.
