2790 4800
106 279 112 287 '
145 272 187 337 40
459 287 690 336 misrrumum
717 288 915 338 vunrosuu

28 488 29 492 ,
146 448 208 493 sua
223 429 429 494 clarissimus
453 430 538 492 libro
553 430 694 510 septimo
711 429 950 510 Epistolarum,
973 429 1131 512 Epistola
1145 433 1235 498 deei-

147 549 201 592 ma
224 531 318 593 tertia
342 530 497 606 Boethio,
527 529 626 604 ‘Ta’
653 531 771 612 inquit,
800 532 856 593 ‘in
883 551 946 609 me,
969 533 1237 598 emendatissime

146 629 327 708 hominum,
357 633 502 714 dignaris
545 632 728 714 praedicare
767 632 919 710 virtutes,
954 653 1051 715 quem
1079 635 1113 697 in
1142 637 1237 698 anuis

147 733 343 812 puerilibus,
357 735 429 797 sine
442 734 553 798 aetatis
566 733 775 816 praejudicio,
784 734 948 797 industria
959 735 1041 798 fecit
1052 737 1237 818 antiquum:

147 833 204 914 qui
220 853 281 916 per
302 834 509 916 diligentiam
529 836 650 916 imples
675 855 773 898 omne
799 835 888 916 quod
910 837 1060 916 cogitur3
1083 839 1138 900 cui
1152 839 1239 904 iuter

147 934 228 998 vitae
244 935 383 999 exordia
398 936 498 999 ludus
513 941 566 999 est
588 937 748 1000 lectionis
773 935 971 1016 assiduitas,
985 944 1018 1001 et
1037 937 1169 1002 deliciae
1185 957 1240 1003 su-

148 1033 210 1098 dor
225 1037 365 1102 alienus,
409 1038 450 1101 Iu
467 1038 564 1121 cujus
579 1039 735 1101 manibus
750 1038 923 1120 duplicato
939 1039 1014 1119 igne
1029 1040 1154 1116 rutilat,
1171 1059 1238 1122 qua

148 1135 292 1202 Veteres
320 1138 396 1202 face
421 1139 602 1203 fulserunt:
640 1157 716 1200 uam
739 1139 829 1220 quod
855 1142 914 1204 vix
943 1140 1127 1225 majoribus
1149 1141 1239 1204 circa

150 1241 393 1304 extremitatem
406 1244 483 1305 vitae
498 1242 647 1324 contigit,
660 1241 726 1304 hoc
742 1241 803 1304 tibi
819 1242 967 1307 abundat
981 1243 1015 1305 iu
1029 1241 1173 1305 lumine.'

193 1341 350 1421 Ejusdem
366 1343 541 1426 Episcopi,
564 1344 651 1406 libro
672 1349 793 1406 octavo
821 1344 1060 1425 Epistularum,
1083 1343 1240 1426 Epistola

150 1443 259 1523 prima
286 1444 394 1507 eidem
417 1445 562 1508 Boethio
589 1443 728 1509 Consuli
751 1446 855 1520 facto,
877 1445 1044 1529 ‘Optimae
1069 1447 1142 1527 spei
1170 1445 1239 1527 ple·

150 1543 238 1620 nus,'
252 1545 372 1627 inquit,
386 1549 396 1578 ‘
409 1546 464 1609 cui
478 1546 606 1609 fautum
620 1549 734 1630 cupio,
748 1547 791 1610 ad
805 1566 918 1609 curam
934 1545 1033 1609 officii
1046 1547 1236 1628 epistolaris

151 1647 275 1727 aspiro.
318 1647 427 1709 Decet
453 1648 542 1709 enim
563 1650 684 1711 vestris
699 1648 846 1712 fascibus
861 1647 925 1710 hac
941 1646 1143 1711 Praefatione
1158 1646 1240 1709 deli-

150 1747 243 1828 bari3
265 1758 298 1813 et
313 1750 396 1812 inter
412 1768 577 1832 purpuras
595 1749 804 1831 possessoris
825 1750 903 1812 luce
925 1749 1242 1828 crescentes,queli-

152 1867 293 1931 cumque
304 1869 380 1912 -non
404 1851 568 1914 abstinere
582 1851 763 1933 colloquio.
809 1849 983 1934 Numquid
997 1849 1101 1911 solius
1116 1847 1241 1912 doctri-

151 1969 204 2013 nae
235 1951 408 2013 beneficiis
438 1971 531 2014 amor
553 1952 756 2032 agnoscitur,
778 1970 840 2013 nec
867 1950 920 2014 fas
942 1969 1016 2013 esse
1040 1947 1242 2012 credendum

154 2057 217 2127 est,
237 2053 370 2133 prodire
390 2053 423 2115 in
448 2052 593 2116 medium
618 2052 786 2116 desideria
807 2053 1024 2116 rusticantisl
1048 2051 1243 2134 Simplicius

153 2155 365 2220 innotescunt
378 2162 460 2220 vota
474 2155 566 2217 nullo
582 2153 707 2235 peritiae
723 2153 831 2216 velata
851 2153 1033 2234 praestigio.
1078 2151 1166 2233 Ergo
1185 2172 1245 2216 uos

23 2266 30 2278 ⁸
152 2254 217 2319 hoc
233 2275 347 2321 sumus
371 2277 440 2335 ore,
454 2256 543 2340 quod
560 2259 704 2340 pectore.
748 2253 828 2316 Nou
850 2272 963 2316 amara
984 2253 1245 2334 praecordiorum

153 2356 337 2424 delenificis
352 2379 533 2442 possumus
547 2364 676 2421 mutare
691 2356 909 2418 sermonibus.
946 2354 1085 2418 Pudens
1097 2354 1246 2419 laudator

155 2473 220 2543 est,
228 2467 282 2530 cui
297 2469 330 2530 in
344 2465 599 2530 concinnatione
608 2460 825 2525 blandimenti
836 2459 979 2524 dicenda
988 2472 1082 2522 mens
1093 2461 1247 2541 suggerit.

157 2566 232 2629 Deo
259 2586 334 2644 ergo
356 2564 576 2648 omnipotenti
605 2563 742 2643 gratias
759 2562 818 2644 qui
842 2562 878 2624 iu
899 2561 1009 2637 vobiS,
1032 2560 1111 2622 dum
1132 2568 1248 2625 vetera

157 2663 293 2728 familiae
308 2646 437 2732 ¹vestrae
459 2668 550 2732 bona
568 2665 726 2741 custodit,
750 2683 841 2728 nova
860 2662 1077 2743 multiplicat3
1099 2667 1133 2723 et
1154 2662 1247 2741 quod

156 2764 233 2847 plus
258 2774 311 2829 cst
339 2770 435 2850 apice
463 2767 646 2852 dignitatis,
676 2765 793 2848 dignos
822 2764 904 2828 facit
929 2781 1005 2825 esse
1030 2761 1246 2825 culminibus.

158 2865 325 2930 Redditur
338 2867 474 2949 quidem
496 2879 614 2934 vestrae
637 2867 741 2950 gloria
771 2867 838 2931 ista
858 2864 986 2947 origini,
1008 2863 1068 2928 sed
1090 2862 1182 2946 quod
1196 2871 1249 2931 est

158 2966 292 3043 clarius,
322 2969 441 3032 merito
469 2971 666 3054 impetrante
697 2989 861 3054 persouae:
920 2967 1036 3032 Fuerit
1061 2967 1095 3030 in
1123 2983 1248 3030 morem

159 3067 346 3147 Veteribus
361 3069 522 3134 curulium
537 3071 767 3135 celsitudinem
789 3071 902 3153 campi
917 3069 1038 3135 sudore
1053 3068 1203 3146 mercari,
1218 3073 1251 3132 et

161 3177 327 3240 contemtu
361 3171 449 3236 lucis
478 3170 641 3234 honorum
665 3172 739 3237 luce
766 3174 910 3254 fulger03
943 3171 1002 3235 sed
1028 3169 1121 3234 aliud
1145 3188 1250 3254 genus

160 3276 289 3340 virtutis
314 3272 482 3360 quaeritur,
516 3276 693 3355 postquam
724 3275 899 3358 praemium
926 3272 1018 3336 facta
1045 3279 1098 3336 est
1136 3272 1250 3336 Roma

160 3377 336 3441 victorum.
381 3374 509 3440 Noster
523 3372 722 3437 candidatus
737 3383 812 3458 post
832 3373 1041 3439 manifestam
1053 3374 1251 3439 decertatio·

162 3495 249 3552 nem,
278 3479 424 3542 debitum
450 3475 663 3559 triumphum,
693 3476 770 3540 dum
800 3497 968 3561 nunquam
1002 3477 1122 3539 viderit
1146 3474 1248 3552 bella,

162 3577 308 3639 sortitur.
351 3580 372 3642 J
376 3580 488 3642 udicio
504 3578 607 3660 exigit
621 3579 764 3657 laureas,
778 3583 812 3642 et
826 3578 986 3659 congredi
1000 3593 1068 3640 uon
1091 3593 1248 3637 necessa-

161 3679 244 3741 rium
258 3679 356 3742 duxit
370 3681 516 3744 armatis.
539 3679 629 3745 Inter
644 3679 815 3744 Ciceronis
826 3678 957 3758 gladios
972 3683 1004 3741 et
1018 3673 1250 3739 Demosthenis

162 3780 293 3858 enituit,
309 3788 343 3843 et
352 3781 523 3861 utriusque
539 3781 702 3869 propositi
717 3780 884 3855 acumina,
899 3776 998 3860 quasi
1012 3779 1111 3838 natus
1126 3774 1160 3837 in
1172 3776 1250 3857 ipsa

164 3883 285 3951 artium
309 3900 404 3964 pace,
429 3882 574 3963 collegit.
622 3883 730 3947 Nemo
758 3879 998 3948 dissonantiam
1023 3873 1146 3940 Atticae
1176 3899 1249 3961 per·

162 3987 320 4054 fectionis
336 3989 460 4048 metuat
475 3989 509 4047 et
524 3983 711 4062 Romanae3
732 4000 794 4045 uec
808 3980 980 4064 praecipua
995 3980 1144 4069 gentium
1158 3982 1251 4047 bona

162 4091 196 4152 iu
220 4092 416 4161 societatem
442 4087 568 4153 dubitet
593 4085 780 4154 convenite·
823 4081 919 4153 Unus
945 4103 982 4149 es
1004 4085 1061 4175 qui
1075 4089 1250 4174 utrumque
