2790 4800
148 262 190 325 14
604 279 640 324 r.
659 277 785 326 nunrrr

147 421 310 503 suscepit,
335 418 553 502 delectusque
581 420 614 482 in
644 419 838 489 affinitatem
862 421 1056 504 principum
1092 424 1248 489 civitatis

144 523 252 608 (quod
266 522 546 605 pretiosissimum
557 524 815 606 propinquitatis
829 543 933 606 genus
948 521 1018 608 est)
1031 526 1125 609 prius
1142 546 1241 590 carus

147 643 248 706 quarn
261 625 436 707 proximus
449 623 552 687 fuisti.
568 678 570 683 s
588 623 676 702 Quis
691 644 757 689 non
771 633 804 688 te
814 625 1043 689 felicissimum
1054 646 1133 690 cum
1144 634 1241 691 tanto

147 725 325 809 splendore
341 746 539 803 socerorum,
556 746 631 791 curn
657 728 809 810 conjugis
830 727 974 810 pudore,
994 732 1065 791 turn
1079 730 1241 799 masculae

148 847 282 910 quoque
295 828 398 910 prolis
415 829 661 910 opportunitate
674 827 912 910 praedicavitt'

190 927 245 993 lta
257 929 313 993 ille
321 931 455 1014 juvenis
469 930 650 994 admodum
665 930 820 994 admotus
844 938 898 994 est
919 931 1101 1014 praecipuis
1123 933 1157 998 in
1171 932 1241 997 Re·

146 1031 283 1112 publica
296 1032 493 1109 honoribus,
504 1051 545 1096 ao
554 1051 683 1115 percos
693 1031 826 1096 tandem
838 1031 880 1094 ad
895 1051 1059 1095 summum
1072 1031 1242 1114 fastigium

146 1131 213 1196 hoc
229 1138 294 1210 est,
310 1131 542 1211 Consulatum,
567 1132 730 1216 pervenit.
775 1133 856 1196 Huc
868 1139 1024 1216 spectant
1044 1135 1112 1198 ista
1128 1136 1244 1200 Philod

145 1234 275 1318 sophiae
289 1234 410 1298 verba:
428 1243 445 1295 .‘
457 1235 623 1300 Praetereo
634 1231 733 1317 (libet
745 1235 834 1298 enirn
850 1237 1020 1318 praeterire
1034 1237 1244 1322 communia)

147 1343 277 1399 sumtus
290 1335 325 1398 in
340 1335 576 1413 adolescentia,
600 1342 736 1418 negatas
750 1338 899 1415 senibus,
917 1338 1118 1420 dignitates.¹
1152 1340 1244 1406 Inci-

148 1436 200 1501 dit
213 1441 321 1502 autem
343 1439 469 1521 primus
483 1438 539 1500 ille
558 1437 692 1502 Boethii
707 1436 913 1505 Consulatus
928 1441 964 1505 in
979 1459 1102 1511 annum
1115 1439 1242 1507 Christi

148 1555 421 1603 cccccxxxvrr.
473 1558 540 1621 quo
572 1557 673 1616 auno,
708 1547 747 1604 ut
782 1546 897 1605 auctor
927 1547 979 1606 est
1019 1542 1244 1609 Cassiodorus

147 1640 183 1703 in
206 1639 383 1719 Chronico,
404 1639 561 1705 Odoacar
584 1640 736 1706 Herulus
760 1642 904 1720 Phoeba,
933 1644 1102 1727 Rugorum
1133 1645 1242 1728 Rege,

146 1743 237 1807 victo
252 1752 421 1828 captoque
437 1743 567 1825 potitus
590 1750 653 1807 est.
698 1739 754 1806 Ex
780 1765 847 1827 quo
874 1752 1025 1828 apparet,
1052 1743 1242 1825 Boethium,

148 1851 223 1908 ante
251 1850 451 1925 occupatum
473 1865 494 1908 a
519 1844 730 1910 Theoderico
756 1867 891 1929 regnum
916 1846 1038 1923 Italiae,
1060 1845 1243 1912 Consulem

147 1945 261 2010 fuisse.
305 1946 446 2012 Biennio
466 1948 554 2010 enim
577 1945 657 2028 po'st
672 1948 892 2013 Consulatum
918 1949 1056 2013 Boethii
1070 1951 1242 2031 ingressus

147 2053 199 2111 est
223 2047 361 2115 Italiam
384 2048 621 2124 Theodorions,
637 2054 672 2110 et
693 2055 812 2128 postea
835 2050 1018 2131 imperante
1038 2049 1244 2125 Anastasio,

149 2148 361 2233 Consuleque
375 2149 511 2227 Albino,
537 2148 739 2216 Ravennam
760 2149 860 2226 venit,
883 2157 918 2212 et
934 2149 1124 2214 Odoacrem
1144 2153 1244 2218 iuter·

148 2251 238 2316 emit.

193 2358 272 2423 Filii
304 2355 440 2422 Boiithii
473 2354 642 2420 Patricius
669 2359 706 2430 et
733 2352 906 2438 Hypatius
929 2354 1024 2418 annis
1051 2369 1137 2418 xtrr.
1164 2362 1246 2438 post

147 2455 276 2548 patrem
287 2459 454 2526 Consules
468 2457 551 2521 facti
567 2463 653 2524 sunt.
688 2458 768 2522 Fuit
782 2463 891 2522 autern
912 2457 1061 2521 isannes
1076 2477 1098 2522 a
1112 2455 1244 2523 Christo

148 2571 230 2630 nato
246 2560 541 2646 quingentesimus,
566 2559 675 2641 Regis
697 2559 899 2622 Theoderici
929 2564 1077 2622 octavus.
1117 2557 1244 2623 Scribit

150 2671 258 2730 autern
283 2661 506 2727 Cassiodorus
542 2662 575 2724 in
603 2660 781 2736 Chronico,
814 2679 855 2723 eo
878 2678 967 2722 anno
998 2659 1243 2724 Theodoricum

149 2767 295 2832 Romam
314 2769 504 2830 cunctorum
526 2765 615 2829 votis
636 2763 820 2845 expetitum
842 2760 1025 2836 advenisse,
1038 2765 1072 2824 et
1092 2764 1245 2825 senatum

150 2889 248 2935 suurn
260 2868 344 2933 mira
359 2866 555 2932 affabilitate
566 2871 741 2943 tractasse,
759 2864 923 2928 Romanae
938 2862 1013 2926 urbi
1028 2861 1170 2924 donasse
1185 2880 1244 2925 an-

148 2990 268 3049 nonas,
298 2976 400 3054 atque
433 2969 638 3034 admirandis
663 2969 848 3046 moenibus„
870 2965 1028 3049 deputata
1049 2983 1109 3046 per
1139 2981 1245 3028 annos

149 3075 298 3159 singulos
326 3072 478 3137 maxima
505 3072 663 3153 pecuniae
693 3072 892 3154 quantitate,
923 3068 1130 3130 subvenisse.
1175 3065 1245 3128 Hic

148 3179 207 3243 ille
220 3188 274 3242 est
289 3193 394 3240 annus
410 3193 482 3255 quo
493 3172 660 3238 Boethius
674 3180 801 3249 noster,
820 3171 901 3233 filiis
925 3169 996 3230 suis
1018 3164 1149 3230 curules
1164 3165 1245 3228 insi·

148 3280 312 3356 dentibus,
326 3273 574 3340 Theodericum
590 3274 716 3358 Regem
740 3272 866 3335 diserta
892 3266 1071 3331 admodum
1095 3267 1245 3330 oratione

149 3381 184 3442 in
199 3380 301 3443 Curia
313 3377 477 3443 laudavit:
502 3376 557 3441 cui
572 3377 625 3440 ille
640 3371 853 3458 respondens,
867 3368 1027 3433 Senatum
1041 3369 1126 3433 mira
1140 3370 1245 3432 comi-

150 3486 221 3543 tate
237 3479 433 3560 appellarit,
446 3499 485 3544 ac
500 3499 537 3543 se
550 3476 703 3560 dignitati
717 3479 753 3539 et
766 3471 958 3538 commodis
977 3468 1051 3552 ejus
1074 3487 1247 3549 nunquam

151 3579 337 3645 defuturum
361 3581 512 3645 ostendit.
558 3578 759 3660 Progressus
785 3582 864 3639 tunc
886 3594 905 3636 e
929 3570 1031 3635 Curia
1054 3568 1089 3631 in
1110 3568 1248 3637 Circum

149 3678 390 3758 Theodericus,
406 3681 449 3744 ad
463 3681 575 3745 locum
592 3678 651 3760 qui
673 3676 817 3739 ‘Palma
831 3670 949 3735 aurea'
971 3669 1156 3744 dicebatur,
1166 3685 1246 3729 con-

147 3784 279 3849 cionem
302 3779 419 3846 habuit
443 3783 487 3847 ad
514 3778 675 3863 populum
693 3791 768 3837 curn
796 3771 1008 3835 senatoribus.
1029 3768 1063 3830 in
1087 3767 1247 3848 gradibus

150 3885 387 3952 considentem.
433 3883 505 3945 Hic
522 3892 598 3945 vero
614 3874 792 3949 Boethius,
807 3871 937 3934 medius
958 3867 1148 3932 interfilios
1163 3887 1246 3932 suos

150 3990 350 4064 consistens,
373 3980 579 4061 congiarium
602 3975 728 4059 populo
747 3972 846 4038 dedit.
890 3969 1069 4034 Profectus
1095 3973 1202 4034 autem
1227 3991 1249 4034 e

148 4086 250 4154 Circo
271 4083 514 4158 Theodericus,
537 4075 737 4162 triumphale
761 4072 899 4157 epulum
917 4073 1123 4142 senatoribus
1143 4073 1246 4149 dedit,
