2790 4800
144 265 189 330 82
553 279 705 328 uoauurr
731 276 832 334 vrri.

144 426 190 492 ad
211 417 391 488 Baithium
407 409 575 505 Epistola,
590 443 667 505 quae
682 429 715 488 et
731 423 907 490 Ptolemaei
930 426 1112 510 Syntaxin,
1127 438 1161 512 et
1175 426 1238 493 Ar-

147 523 307 592 chimedis
327 521 549 588 Machanicen
574 525 617 587 ah
642 544 683 588 eo
710 525 891 592 Latinitate
912 528 1072 594 donatam
1086 529 1239 597 affirmat.

145 625 271 692 Verum
286 625 449 707 praeludia
462 623 537 690 haec
551 626 657 692 fuisse
672 627 867 691 crediderim
884 649 1087 714 eorumquae
1102 633 1155 696 vir
1169 639 1242 697 tau·

145 738 200 793 tus
227 733 336 792 mente
365 727 522 809 agitabat.
567 727 822 812 Philosophiam
853 732 940 795 euim
972 733 1104 798 Latinis
1131 735 1240 800 literis

145 830 313 894 illustrare
323 828 549 907 constituerat,
560 849 628 896 non
638 836 675 894 ut
687 828 798 894 Varro
810 830 973 908 Stoicam,
987 852 1049 896 nec
1059 838 1097 896 ut
1107 835 1241 900 Tullius

145 931 396 1010 Academicum,
412 928 473 994 sed
489 949 564 995 eam
578 950 656 1012 quae
673 938 804 995 ceteras
825 931 1029 1009 obscuravit,
1046 933 1089 996 ah
1109 932 1242 1000 Aristo·

146 1037 211 1100 tele
227 1033 405 1109 invectam,
418 1038 483 1096 eta
498 1038 549 1098 tot
555 1034 793 1117 praestnntihus
803 1033 935 1115 ingenio
945 1032 1040 1112 virle,
1055 1040 1154 1099 aetate
1165 1043 1237 1102 tam

146 1141 249 1222 longa
258 1136 465 1202 celebratam.
490 1133 532 1197 Id
545 1136 621 1217 ipse
636 1135 689 1199 bis
697 1136 810 1200 verbis
825 1135 1006 1218 significat:
1022 1136 1111 1218 ‘Ego
1122 1139 1243 1216 omne,'

147 1247 207 1306 dm.
223 1238 319 1324 [Vid.
335 1238 442 1301 Bertii
459 1237 560 1302 Praei.
571 1235 768 1321 sup.p.16.]
785 1238 890 1322 Igitur
901 1237 1133 1322 Porphyrium,
1144 1261 1244 1322 quem

147 1341 344 1410 Victorinus
367 1338 485 1421 Apher
508 1341 708 1424 compendio
732 1341 956 1418 transtulerat,
979 1341 1186 1423 explanavit,
1211 1348 1244 1407 et

148 1444 289 1508 eundem
303 1461 324 1505 a
346 1461 382 1505 se
396 1461 476 1505 mox
489 1443 736 1526 interpretatum
761 1444 862 1508 novis
877 1462 1006 1507 rursum
1024 1445 1244 1526 expositioni·

146 1548 210 1610 bus
219 1544 409 1609 illustravit.
425 1543 698 1608 Praedicamentis
708 1563 841 1607 manum
854 1543 1063 1623 admoverat,
1077 1565 1151 1609 cnm
1161 1565 1242 1610 ecce

148 1648 280 1714 Consul
289 1646 410 1712 Romae
421 1651 566 1710 creatur:
580 1648 645 1710 hoc
656 1647 732 1730 ipse
745 1647 818 1711 suis
828 1646 940 1711 verbis
949 1646 1133 1730 significat:
1150 1648 1243 1710 ‘Etsi

148 1749 332 1827 noscurae,’
346 1751 405 1813 &a
427 1748 522 1831 [Vid.
545 1748 651 1812 Bertii
663 1747 764 1812 Praei.
777 1766 896 1831 supp.
907 1747 974 1827 lin]
991 1748 1079 1813 Haec
1096 1745 1161 1811 ille.
1185 1747 1241 1812 Ex

149 1853 270 1936 quibus
285 1850 366 1913 illud
380 1851 482 1913 etiam
497 1850 621 1913 salsum
637 1868 713 1913 esse
728 1849 934 1914 convincitur
949 1849 1040 1931 quod
1056 1847 1160 1930 aliqui
1173 1868 1244 1912 me-

147 1953 262 2016 moriae
274 1948 497 2029 prodiderunt,
514 1950 691 2014 Boethium
706 1951 829 2029 omnia,
853 1971 918 2014 uon
929 1951 1100 2034 pleraque,
1115 1950 1244 2032 relega-

150 2059 220 2117 tum
249 2051 438 2130 scripsisse.
493 2045 550 2110 Ad
578 2051 788 2112 consulatum
818 2056 928 2114 autem
944 2052 1080 2134 juvenis
1096 2052 1247 2134 pervenit

148 2154 267 2218 favore
280 2149 469 2234 principum
480 2148 651 2212 civitatis:
673 2168 811 2232 puerum
827 2151 913 2226 enim
930 2169 951 2214 a
974 2155 1069 2235 patre
1089 2152 1245 2217 relictum

148 2253 330 2320 curandum
352 2257 579 2334 susceperant,
601 2250 694 2333 quod
715 2257 749 2314 et
774 2253 913 2335 antiqua
932 2251 1056 2316 Manlii
1084 2253 1246 2338 Torquati

147 2358 276 2424 familia
290 2359 483 2440 prognatum
497 2353 628 2430 scirent,
643 2357 676 2417 et
690 2372 812 2420 novam
824 2353 945 2420 *Anicii
968 2357 1088 2439 proavi
1100 2356 1246 2421 indolem

147 2466 361 2545 perspectam
371 2456 406 2518 in
422 2456 500 2538 ipso
516 2456 686 2519 haberent.
730 2456 845 2522 Primo
867 2457 942 2540 ejus
962 2459 1150 2537 consulatu,
1166 2456 1246 2521 Rex

147 2563 350 2628 Hunnorum
376 2563 410 2622 et
444 2555 567 2633 ltaliae,
596 2555 767 2634 Odoacar,
795 2558 930 2622 Phoeba
961 2559 1132 2638 Rugorum
1157 2557 1245 2624 duce

147 2665 239 2727 victo
254 2667 420 2744 captoque
444 2660 572 2744 potitus
587 2664 652 2736 est,
677 2657 781 2722 sicuti
796 2658 1024 2724 Cassiodorus
1043 2657 1164 2735 tradit3
1188 2659 1247 2740 qni

147 2764 203 2828 his
226 2764 347 2840 solum,
371 2783 447 2826 euru
470 2760 672 2846 Symmacho
692 2759 811 2838 semel,
839 2761 952 2842 ipsum
966 2760 1008 2834 ,in
1034 2756 1246 2824 Consulibus

147 2866 306 2930 nominat.
352 2864 433 2928 Non
447 2865 554 2928 solum
575 2869 689 2927 autem
705 2853 898 2944 dignitatem
912 2861 997 2927 hanc
1012 2860 1246 2945 ipseadeptus

149 2974 211 3046 est,
223 2965 282 3030 sed
291 2966 376 3030 duos
387 2966 486 3029 etiam
500 2965 588 3030 filios
602 2984 694 3042 suos,
710 2962 799 3047 quod
810 2982 979 3047 nunquam
993 2968 1089 3027 antea
1100 2964 1247 3045 contige·

148 3076 210 3148 rat,
225 3067 391 3133 Consules
403 3067 519 3131 eodem
534 3073 682 3150 tempore
691 3065 788 3144 vidit,
801 3066 985 3132 Patricium
997 3071 1032 3130 et
1041 3065 1247 3148 Hypatium.

148 3172 246 3238 Anno
261 3173 320 3237 illc
332 3168 497 3235 Boethius
519 3169 553 3232 in
568 3170 664 3233 curia
678 3166 923 3252 'fheqdoricum
937 3173 1006 3231 tum
1018 3167 1162 3250 primum
1174 3167 1247 3232 Ro·

148 3296 237 3341 mam
263 3272 473 3351 accersitum,
491 3271 577 3336 s.P.
588 3271 633 3351 Q.
644 3269 689 3336 R.
704 3271 853 3348 nomine,
872 3289 996 3352 magna
1009 3269 1166 3334 facundia
1176 3269 1247 3334 lau·

149 3376 254 3453 davit,
268 3384 305 3441 et
315 3377 350 3441 in
364 3377 455 3441 circo
466 3373 608 3439 duorum
617 3371 801 3438 Consulum
810 3371 941 3436 medius
950 3370 1151 3455 triumphale
1166 3391 1248 3436 con-

148 3475 276 3540 vivium
290 3476 498 3542 multitudini
512 3475 675 3541 exhibuit.
691 3473 867 3557 Collegam
886 3476 920 3540 in
934 3474 1055 3539 ultimo
1072 3471 1250 3538 consulatu

149 3576 386 3660 Symmachum
409 3597 561 3642 socemm
584 3578 722 3660 habuit;
755 3599 830 3643 cum
854 3597 923 3661 quo
946 3576 1178 3659 magistratum
1199 3575 1249 3638 ita

149 3679 266 3759 gessit,
290 3683 328 3742 ut
358 3696 532 3742 commune
553 3680 679 3744 bouum
706 3680 850 3764 privatis
883 3678 1040 3743 amicitiis
1068 3672 1248 3757 praeferret.

148 3778 286 3846 Accidit
300 3787 339 3843 ut
355 3779 503 3844 Paullini
528 3783 714 3847 consularis
729 3801 815 3865 opes
829 3781 912 3861 regii
928 3777 1094 3843 satellites
1110 3782 1249 3859 appete·

148 3890 234 3950 rent:
251 3882 418 3947 homiuem
427 3881 565 3964 ingenue
576 3889 703 3949 tutatus
713 3891 776 3948 est.
785 3880 948 3947 Albinum
958 3878 1047 3943 falso
1058 3878 1247 3963 Cyprianus

148 3987 340 4053 accusavit:
363 3985 572 4050 innocentem
585 3986 794 4051 consularem
808 3981 916 4048 virum
931 3979 1089 4046 ostendit.
1112 3980 1250 4049 Acerba

148 4087 256 4158 lamas
288 4088 505 4172 Campaniam
532 4090 681 4172 urgebat,
712 4092 763 4150 et¹
783 4084 987 4151 acerbiorem
1024 4084 1245 4151 coemtionem
