2790 4800
148 249 192 315 26
605 261 635 306 r.
662 258 787 307 uuurrr

147 406 294 475 debitum
305 403 536 488 promissionis
545 401 733 478 absolvere,
741 399 895 482 viamque
904 398 964 464 tibi
975 418 1044 483 qua
1056 398 1092 463 in
1103 397 1243 480 patriam

147 505 311 584 ,eveharis
326 506 465 588 aperire.
497 503 587 568 Haec
599 509 709 568 autem
724 499 790 564 etsi
804 501 959 585 perutilia
973 498 1119 583 cognitu,
1131 504 1243 565 tamen

146 607 352 693 ,apropositi
378 605 484 671 nostri
508 604 641 669 tramite
666 601 837 686 paulisper
861 620 985 667 aversa
1006 610 1105 683 sunt;
1126 619 1243 676 veren-

146 708 292 792 dumque
307 713 361 774 est
373 729 416 774 ne
430 707 539 773 deviis
552 705 726 788 fatigatus,
741 703 786 771 ad
806 704 1023 769 emetiendum
1037 711 1165 769 rectum
1180 703 1244 777 iter

146 809 302 876 sufficere
316 830 385 876 non
395 807 536 896 possis!
579 807 692 882 Devia
707 812 807 873 vocat
816 806 1079 888 disputationem
1090 804 1131 879 de
1141 803 1245 882 Casu,

150 910 191 975 de
214 912 388 979 Libertate
409 911 538 977 arbitrii
558 911 708 989 humani,
732 916 774 975 et
797 906 989 980 Concordia
1011 907 1137 981 divinae
1156 927 1245 990 prae·

150 1013 303 1081 scientiae
313 1035 391 1079 cum
398 1015 553 1080 libertate
562 1012 701 1081 arbitrii,
718 1010 876 1079 Emensis
888 1017 1000 1078 autem
1014 1010 1096 1083 recti
1106 1009 1249 1086 itineris,

149 1127 188 1186 et
200 1119 257 1186 via
273 1140 352 1203 quae
372 1119 408 1184 in
428 1118 573 1202 patriam
596 1116 703 1194 ducit,
723 1135 824 1200 quam
848 1133 909 1179 nos
921 1112 1160 1192 desideremus,
1176 1119 1248 1182 erat

150 1220 263 1287 sutura
280 1240 362 1305 pars
375 1220 436 1286 illa
458 1219 595 1303 propria
617 1217 879 1284 Christianitatis
898 1218 933 1280 in
948 1232 1016 1299 qua
1028 1215 1248 1300 Philosophia

150 1322 264 1406 ipsum
278 1341 340 1407 per
353 1321 536 1398 infamiam,
560 1321 804 1410 accusationes
823 1337 988 1396 carceres,
1010 1326 1161 1396 mortem,
1177 1337 1248 1384 om-

137 1424 274 1506 niaque
310 1423 451 1489 adversa
481 1422 638 1487 desisset
665 1421 709 1486 ad
736 1420 841 1486 vitam
870 1426 1044 1498 aeternam,
1082 1425 1118 1491 et
1145 1421 1248 1490 beato

145 1521 279 1589 Christi
309 1523 511 1603 Seruatoris,
541 1542 583 1592 ac
613 1522 856 1607 Prophetarum
877 1527 985 1605 atque
1010 1518 1249 1606 Apostolorum

149 1625 255 1692 choro
276 1626 523 1712 conjunxisset.

147 1804 149 1808 v
198 1729 321 1816 Neque
336 1751 416 1799 vero
433 1734 515 1818 quia
529 1733 652 1800 Christi
667 1738 701 1799 et
710 1732 954 1816 Apostolorum
968 1749 1035 1795 non
1050 1728 1199 1797 meminit
1213 1728 1250 1796 iu

149 1831 208 1902 ‚his
222 1833 319 1898 libris
327 1835 503 1915 Boethius,
509 1843 689 1919 propterea
702 1836 815 1901 minus
831 1833 954 1900 efficax
965 1830 1250 1912 Consolatioejus

153 1934 389 2014 viderinebot,
403 1937 677 2018 qnandoquidem
691 1957 733 2001 ea
741 1937 819 2020 ipsa
830 1956 907 2019 quae
924 1934 1094 2011 dicuntur,
1108 1950 1200 2008 vera,
1215 1939 1251 1996 et
1286 1944 1288 1951 ’

76 2093 78 2099 ,
155 2034 334 2116 seripturis
349 2035 475 2100 divinis
498 2041 577 2098 sunt
590 2055 749 2116 congrua.
794 2037 908 2118 Magis
923 2041 1036 2102 autem
1051 2033 1251 2102 aesumanda

145 2140 206 2204 est
227 2133 344 2199 divina
358 2133 485 2201 veritas
509 2153 555 2197 ex
576 2135 713 2212 ratione,
731 2154 832 2218 quam
846 2155 891 2199 ex
905 2136 1018 2200 verbis
1038 2135 1104 2199 hoc
1119 2140 1178 2199 aut
1192 2133 1251 2199 illo

53 2230 56 2236 ’
144 2237 254 2310 ,modo
280 2238 431 2320 prolatis.
477 2236 583 2302 Ratio
606 2236 695 2301 enim
718 2256 847 2322 semper
868 2237 1044 2302 uniformis
1066 2248 1129 2316 est,
1151 2237 1253 2305 verba

62 2374 64 2379 ·
145 2338 406 2428 proscribentis
421 2343 479 2413 aut
491 2339 661 2422 loquentis
674 2339 810 2404 arbitrio
825 2340 946 2409 mutari
961 2346 1116 2423 possunt.
1143 2339 1169 2404 J
1171 2359 1252 2405 oan-

145 2460 211 2511 mes
226 2440 497 2520 SarisbcriensiS,
507 2442 569 2518 vir,
578 2442 682 2508 etiam
696 2463 773 2509 cum
787 2443 829 2508 de
841 2443 939 2526 nugis
950 2443 1082 2523 scribit,
1094 2442 1252 2526 gravissi-

145 2562 243 2619 muS,
259 2540 398 2620 &Licetl
412 2541 533 2624 inquit,
544 2545 555 2576 ‘
565 2542 651 2606 liber
660 2543 716 2612 ille
726 2543 879 2615 Verbum
888 2563 956 2608 non
967 2545 1135 2628 exprimet
1146 2545 1252 2609 incar-

139 2647 279 2720 natum,
293 2648 405 2727 tamen
418 2643 509 2727 apud
523 2661 585 2708 eos
600 2643 660 2726 qui
675 2644 805 2708 ratione
822 2645 984 2721 nituntur,
997 2664 1063 2709 non
1075 2644 1255 2713 mediocris

155 2744 365 2809 auctoritatis
381 2753 444 2823 est,
456 2765 535 2810 cum
544 2744 588 2810 ad
598 2743 842 2827 reprimendum
853 2744 1035 2833 quemlibet
1047 2744 1254 2815 exulceratas

146 2843 277 2911 mentis
291 2843 438 2908 dolorem
453 2863 602 2929 congrua
611 2846 740 2932 cuique
758 2846 1004 2919 medicamenta
1017 2844 1197 2914 conficiat?

164 2981 170 2997 ⁴
200 2944 619 3029 besemquaeaduoemii
632 2949 1252 3032 nostriintoeroereTicincnsiagentio

144 3053 280 3122 statum
294 3048 588 3143 conditionemque
597 3053 780 3142 pertinent,
796 3059 942 3138 possunt
960 3051 1102 3134 intelligi
1124 3070 1170 3117 ex
1185 3071 1254 3115 ser·

149 3171 250 3222 mone
259 3151 495 3234 ,Philosophiae
505 3151 557 3219 ad
572 3151 769 3227 Boiithium:
786 3157 803 3188 “
819 3150 946 3234 Viget,'
960 3152 1081 3236 inquit,
1105 3152 1255 3217 ‘incolu-

130 3289 135 3298 ·
151 3255 230 3333 mis,
244 3254 329 3321 illud
340 3252 625 3339 pretiosissimum
648 3253 779 3336 generis
795 3251 941 3326 *humaui
962 3250 1078 3331 decus,
1102 3252 1256 3336 Symma-

156 3354 240 3424 chus
253 3361 418 3438 sooer,et,
428 3353 518 3440 quod
532 3353 733 3438 vitae-pretio
747 3373 815 3418 non
830 3354 939 3438 segnis
945 3373 1092 3435 emeres,
1104 3356 1256 3423 uirftotus

147 3473 213 3519 ex
230 3458 399 3539 sapientia
417 3458 673 3541 uirtutibusque
696 3457 827 3536 tactus,
852 3477 988 3530 suarum
1006 3446 1158 3534 securus,
1185 3457 1255 3521 tuis

157 3553 498 3641 ingemiseit-injuriis.
525 3561 563 3626 ‘V
563 3560 629 3627 ivit
643 3560 1069 3644 uxo,r„÷ingonio-modeeta,
1081 3559 1256 3641 pudicitiae

148 3652 282 3742 pudore
294 3657 505 3739 praecellens,
520 3665 566 3740 et„
580 3665 617 3724 ut
638 3681 752 3727 omnes
771 3662 846 3745 ejus
867 3660 964 3732 dotes
985 3658 1128 3740 breviter
1149 3658 1258 3724 inclu-

146 3754 247 3836 dam,
274 3758 367 3840 patri
388 3759 521 3829 similis.
565 3760 675 3841 Vivit,
692 3765 849 3847 ·,ioqnam,
871 3761 998 3844 tibique
1013 3764 1160 3836 Iturium,
1172 3761 1270 3834 vitae,

143 3857 257 3944 rhcjus
271 3876 390 3936 euosa,
407 3861 563 3943 spiritum
574 3860 1254 3948 servabat-(quo,uuotelicitatcmminui

145 3968 247 4031 tuam
255 3962 311 4028 vel
323 3961 401 4048 ipsa
411 3965 665 4052 concesserim)
675 3968 724 4033 tui
735 3961 1069 4050 desideriolaorymis
1081 3982 1122 4028 ae
1136 3964 1254 4031 dolore

157 4067 311 4134 tabescit.
351 4063 449 4150 rQuid
466 4067 576 4135 dicam
597 4071 720 4138 liberos
744 4065 1107 4151 cenulares‚·quorum
1123 4065 1256 4150 imbui
