2790 4800
145 269 187 333 12
604 287 635 332 r.
658 283 788 330 anatur

145 449 291 511 regnum,
306 430 397 512 quod
413 433 490 494 tuno
506 428 641 513 quidem
656 427 811 494 Odoaeer
836 427 984 490 Herulus
1006 434 1241 510 occupaverat,

145 552 224 597 cum
234 533 419 614 ingentibus
433 530 709 614 ostrogothorum
722 531 830 612 copiis
841 530 975 607 invasit,
990 529 1133 611 ipsoque
1143 530 1243 594 iuter-

144 633 249 710 fecto,
262 633 356 714 regui
371 632 554 695 Gothorum
570 632 603 693 in
617 630 719 695 Italia
731 632 845 694 sedem
856 630 1026 695 Ravennae
1040 629 1126 707 fixit,
1138 639 1240 715 atque

145 734 220 797 inde
235 734 297 797 tuti
312 733 423 797 Italiae
438 738 472 796 et
487 732 614 796 Siliciae
625 732 681 816 jus
697 732 795 809 dixit,
815 731 982 813 rescripta
1008 750 1070 793 sua
1093 751 1242 814 quaqua-

145 854 279 898 versum
294 834 437 911 mitteus,
449 852 590 913 quorum
606 852 761 914 magnam
775 840 902 915 partem
919 830 970 895 M.
982 829 1142 895 Aurelius
1158 833 1243 899 Cas-

146 936 299 1000 siodorus
310 934 405 998 libris
421 935 493 998 suis
508 932 688 997 Variarum
700 934 848 997 inseruit.
1237 986 1244 997 .

189 1038 268 1102 Fuit
296 1043 410 1101 autem
429 1041 611 1118 tempestas
642 1036 700 1099 illa
725 1036 835 1116 gravis
869 1034 1049 1098 admodum
1073 1036 1242 1102 Romana:

144 1141 236 1203 urbi:
259 1157 334 1201 nam
348 1138 431 1200 inter
444 1145 495 1200 tot
508 1157 646 1218 magnos
656 1143 691 1200 et
703 1144 901 1219 praestantes
917 1137 1018 1213 viros
1032 1156 1117 1219 quos
1132 1138 1241 1203 adhuc

145 1240 292 1303 habebat
302 1237 522 1319 Respublica,
539 1240 685 1321 optimus
715 1239 856 1321 quisque
881 1237 1079 1320 dignitatem
1102 1238 1246 1322 Imperii

146 1347 182 1402 et
196 1339 405 1421 majestatem
422 1359 585 1403 summam
599 1341 666 1402 alio
680 1341 874 1414 translatam
888 1339 987 1403 tacite
998 1340 1242 1422 indignabatur.

146 1438 364 1520 Imperatoris
392 1440 482 1503 enim
496 1440 609 1513 sedem
634 1441 814 1522 aulamque
832 1440 982 1504 habebat
1006 1439 1242 1505 Constantino·

146 1540 245 1623 polis,
260 1558 338 1622 quae
352 1543 434 1603 tunc
450 1558 540 1604 nova
561 1540 673 1604 Roma
688 1539 877 1605 dicebatur.
920 1541 1056 1606 Italiam
1070 1561 1148 1606 vero
1172 1561 1243 1606 om·

145 1661 222 1705 nem
236 1649 438 1725 occupatam
463 1643 610 1725 primum
635 1641 852 1718 aVandalis,
877 1648 997 1726 postea
1022 1644 1066 1706 ab
1092 1642 1242 1721 Herulis,

145 1745 299 1808 tenebant
314 1751 395 1807 tunc
411 1743 530 1821 Gothi,
556 1743 615 1827 qui
634 1743 726 1825 regni
748 1744 803 1807 sui
818 1744 932 1807 sedem
946 1751 1014 1809 non
1028 1744 1160 1821 Romae,
1182 1743 1243 1807 sed

148 1842 324 1907 Ravennae
356 1851 547 1925 posuerant.
592 1844 671 1910 Una
696 1847 851 1912 intanto
875 1846 1048 1928 diguitatis
1072 1845 1244 1927 nautiagio

148 1952 318 2026 supererat
331 1946 456 2025 tabula,
473 1945 699 2011 Consulatus:
722 1949 781 2010 sed
797 1955 833 2012 et
845 1949 875 2010 is
890 1947 1135 2030 quoquealtera
1146 1953 1242 2029 parte

144 2051 221 2109 erat
234 2047 436 2124 imminutus,
460 2067 536 2112 cum
559 2067 580 2110 a
604 2046 819 2110 Constantini
841 2046 918 2109 inde
939 2048 1146 2128 temporibus
1162 2047 1245 2111 alter

148 2144 331 2211 Consulum
348 2147 649 2232 Constantinopoli,
666 2148 751 2210 alter
765 2146 887 2211 Romae
904 2145 1140 2227 designaretur.

155 2286 157 2289 ·
191 2249 305 2317 Natus
321 2258 372 2315 est
390 2251 554 2316 Boethius
581 2268 669 2313 anno
685 2247 806 2313 Christi
827 2247 880 2333 (ut
894 2252 970 2311 ante
985 2244 1076 2331 dixi)
1090 2243 1259 2315 coccum

147 2350 211 2415 hoc
237 2358 300 2429 ost,
324 2352 568 2436 quinquaginta
592 2350 687 2414 annis
716 2358 797 2432 post
821 2357 956 2431 captam
980 2350 1031 2419 ab,
1047 2347 1244 2417 Athalarico

148 2450 261 2517 Gotho
278 2454 431 2519 Romam.
477 2453 532 2514 Ex
547 2472 614 2535 quo
630 2461 784 2535 apparet,
801 2472 869 2518 non
884 2452 987 2516 multo
1002 2452 1115 2535 ipsum
1134 2461 1245 2536 poste-

149 2552 267 2613 riorem
282 2552 387 2618 luisse
402 2553 610 2634 Hieronymo
626 2562 661 2615 et
680 2553 882 2634 Augustino,
899 2571 1041 2634 quorum
1055 2560 1141 2616 aetas
1162 2555 1245 2618 iuci-

150 2650 202 2712 dit
215 2651 249 2712 in
265 2660 431 2719 extremos
446 2674 550 2718 annos
566 2651 678 2719 Anicii
694 2655 844 2720 Petronii
862 2652 976 2716 Probi.
1020 2652 1163 2715 Coeevus
1178 2652 1244 2718 suit

151 2750 358 2830 cassiodori,
387 2754 528 2820 Caesarii
551 2754 772 2832 Arelatensis,
796 2754 974 2836 Fulgentii,
997 2751 1125 2834 Vigilii,
1149 2753 1244 2819 Pris-

149 2855 250 2930 ciani,
262 2853 411 2919 Victoris
426 2854 588 2936 Africani,
601 2858 730 2923 Sidonii
744 2856 964 2940 Apollinaris
979 2855 1095 2918 Sancti
1107 2874 1242 2938 quoque

147 2954 336 3033 Benedicti,
350 2975 370 3019 a
387 2977 454 3038 quo
469 2958 571 3024 fertur
586 2961 621 3023 in
636 2969 748 3025 monte
762 2957 905 3023 Cassiuo
925 2977 1082 3021 unacum
1096 2956 1242 3022 Tertullo

148 3056 282 3122 Placidi
307 3059 458 3124 monaehi
477 3068 584 3146 patre,
609 3068 760 3126 senatore
776 3060 943 3142 Romano,
965 3048 1090 3122 mensae
1112 3079 1242 3125 monas·

147 3160 225 3224 ticae
242 3160 427 3226 adhibitus¹
765 3216 767 3220 .
862 3190 864 3193 v
960 3186 962 3188 ·
1130 3209 1133 3217 ,
1235 3213 1237 3216 .

191 3262 336 3330 Puerum
362 3265 457 3330 Deus
481 3267 574 3330 miris
596 3261 720 3342 ingenii
746 3259 882 3322 dotibus
905 3256 1085 3323 imbuerat:
1126 3263 1185 3326 sed
1209 3269 1241 3327 et

146 3362 223 3424 aliis
238 3369 395 3432 omnibus
417 3368 617 3433 instruxerat
630 3363 732 3426 rebus
748 3378 824 3440 quae
846 3355 890 3419 ad
904 3356 1008 3420 vitam
1027 3361 1112 3424 bene
1127 3364 1242 3428 beata·

147 3478 214 3540 que
228 3462 413 3543 degendam
439 3466 595 3549 exoptari
618 3463 745 3528 solent:
778 3478 859 3543 opes
880 3457 968 3522 enim
981 3460 1129 3541 dederat,
1152 3465 1241 3528 vale·

149 3557 311 3638 tudinem,
326 3564 478 3642 formam,
494 3570 631 3631 amicos.

193 3659 273 3740 Sed,
288 3665 442 3727 orbatum
464 3672 572 3745 patre,
596 3669 780 3730 amicorum
801 3662 886 3727 fides
901 3669 1002 3747 atque
1016 3664 1175 3728 industria
1196 3668 1239 3730 ad

148 3762 346 3828 eruditionis
377 3772 412 3829 et
441 3765 620 3848 sapientiae
644 3766 769 3848 templa
802 3766 975 3849 perduxit.
1030 3764 1163 3829 Missus
1189 3775 1240 3833 est

149 3866 237 3934 euim
253 3865 364 3930 infans
389 3866 501 3930 statim
522 3864 688 3944 Athenas,
702 3868 761 3931 ubi
778 3859 852 3951 jam
869 3874 1053 3932 restaurata
1074 3867 1239 3933 hterarum

148 3977 181 4033 et
195 3968 424 4051 Philosophiae
447 3967 556 4032 studia
579 3989 698 4050 magno
723 3969 1075 4052 praestantissimorum
1097 3968 1241 4052 ingenio·

149 4089 221 4134 rum
232 4069 391 4136 confluxu
407 4077 509 4152 atque
519 4069 634 4134 ardore
646 4070 867 4153 agitabantur.
890 4070 943 4134 lbi
955 4069 1014 4134 ille
1027 4077 1118 4136 totos
1132 4090 1238 4136 annos
