2790 4800
179 253 222 317 24
635 268 668 314 r.
694 267 819 314 suurn

180 411 257 479 culo
273 411 316 475 de
330 410 455 478 Sancta
476 409 653 487 Trinitate,
669 429 802 494 aequum
825 430 863 475 se
885 416 986 494 atque
1008 411 1189 477 humanum
1210 411 1274 477 Or-

181 513 338 581 thodoxis
351 513 552 597 praebuerat,
568 513 612 579 ab
627 513 690 578 boc
712 512 790 577 iude
815 520 965 597 tempore
981 515 1086 600 eoepit
1109 513 1276 597 ingenium

181 635 203 680 a
218 602 393 681 clementia
407 615 451 680 ad
463 614 704 694 crudelitatem,
716 623 752 681 et
766 617 810 680 ab
824 616 1032 680 humanitate
1052 614 1216 682 consuete
1230 614 1275 682 ad

178 715 368 782 barbariem
381 701 859 802 tyrannidemquc'trausferre,
883 717 956 779 sive
980 716 1185 782 blandientis
1210 716 1275 783 for·

182 825 272 884 tunae
288 838 372 884 aura
388 820 508 898 elatus,
528 820 600 884 sivo
624 819 701 884 odio
724 838 835 884 corum
853 837 941 902 quos
959 818 1168 899 intelligebat
1182 837 1203 881 a
1217 837 1279 884 sua

182 923 347 986 sententia
361 923 396 986 in
409 923 570 1005 religione
587 922 727 1000 alienos,
743 923 815 987 sive
830 920 922 1007 quod
947 922 991 986 ab
1010 920 1090 996 illis,
1115 923 1280 1001 praetextu

181 1021 354 1107 religionis
371 1024 612 1107 propagandae,
628 1030 663 1088 ct
681 1023 913 1107 oppugnandae
926 1024 1104 1097 haerescos,
1118 1020 1281 1085 mutatio·

183 1143 259 1189 nem
275 1123 490 1209 Reipublicae
503 1127 683 1192 metuebat.
725 1127 874 1191 Tantum
898 1126 987 1189 euim
1001 1124 1097 1189 falsis
1112 1121 1280 1188 accusati·

184 1228 303 1291 ouibus
317 1235 353 1290 et
366 1227 452 1291 fictis
468 1229 662 1294 criminibus
678 1229 797 1293 tribuit
818 1228 908 1308 fidei,
929 1232 966 1293 ut
991 1225 1181 1302 Boethium,
1209 1243 1281 1307 quo

183 1329 244 1392 vix
267 1328 368 1405 alius,
391 1329 479 1393 sicut
507 1338 608 1394 antea
632 1329 872 1407 intelleximus,
900 1330 967 1413 ipsi
993 1328 1099 1392 fuerat
1122 1325 1283 1402 dilectior,

184 1429 287 1493 etiam
297 1429 461 1494 insontem
476 1431 716 1509 condemnarit,
731 1439 766 1494 et
778 1430 961 1515 publicatis
974 1428 1050 1512 ejus
1064 1429 1163 1494 bouis
1178 1427 1282 1492 omni·

184 1531 259 1608 bns,
274 1531 428 1596 Ticinum
447 1531 555 1618 (quod
576 1535 780 1616 posteriores
796 1532 939 1615 Papiam
953 1528 1174 1613 vocaverunt)
1195 1529 1282 1609 relef

184 1634 283 1716 gerit,
312 1636 510 1720 quingentis,
534 1644 573 1703 ut
595 1639 668 1722 ipse
693 1639 917 1722 conqueritur,
942 1639 985 1702 ab
1001 1636 1094 1702 Urba
1119 1654 1282 1720 passuum

183 1737 342 1803 millibus.
386 1740 468 1824 Ipsa
483 1742 543 1819 ait,
556 1760 592 1806 se
609 1742 705 1806 bouis
732 1743 887 1806 omnibus
906 1742 1054 1826 pulsum,
1067 1740 1284 1824 dignitatibus

152 1895 153 1899 ,
187 1844 336 1917 exutum,
351 1844 603 1909 existimatione
617 1845 793 1925 foedatum,
810 1846 853 1909 ob
865 1843 1063 1909 beneficium
1079 1840 1284 1925 supplicium

186 1941 358 2003 retulisse:
382 1949 418 2004 et
428 1943 471 2006 ob
488 1945 639 2007 studium
650 1947 849 2028 propensius
864 1947 897 2009 iu
914 1946 1083 2019 Senatum,
1095 1943 1197 2007 morti
1210 1959 1285 2026 pro·

188 2038 428 2124 scriptiouique
444 2042 638 2106 damnatum
652 2046 770 2111 fuisse.

231 2137 274 2202 Iu
287 2137 351 2205 hoc
367 2143 512 2207 carceris
530 2142 677 2227 paedore,
702 2152 846 2209 remotus
868 2165 889 2209 a
914 2144 1130 2223 bibliotheca,
1147 2164 1285 2228 pressus

188 2243 328 2321 catenis,
342 2243 487 2310 nonfuit
501 2246 647 2324 otiosus,
659 2266 766 2330 neque
780 2247 889 2311 dolori
902 2247 1091 2325 succubuit,
1107 2247 1168 2311 sed
1181 2248 1288 2315 medi·

188 2345 297 2411 cinam
311 2348 409 2429 petiit
424 2367 469 2412 ex
485 2348 607 2413 studiis
624 2349 813 2433 sapientiae,
835 2370 914 2434 quae
941 2349 1012 2415 sola
1035 2349 1138 2414 animi
1154 2351 1288 2430 aegritu·

188 2446 299 2513 dinem
313 2448 419 2514 lenire
434 2456 559 2533 potest,
574 2459 608 2514 et
623 2451 658 2514 iu
672 2454 810 2517 summis
826 2453 924 2518 malis
948 2452 1023 2518 sola
1045 2460 1098 2516 est
1120 2453 1183 2516 viri
1206 2451 1287 2517 boni

188 2550 377 2615 haereditas.
423 2550 570 2615 Primum
590 2571 668 2633 ergo
690 2555 839 2635 scripsit,
860 2555 904 2620 ad
921 2555 1114 2636 exemplum
1124 2553 1288 2628 Socratis,

190 2647 402 2732 ‘Apologiaa
417 2653 471 2717 vel
486 2652 687 2717 defensionis
701 2671 773 2718 suae
788 2655 918 2731 librum,
941 2661 1056 2717 contra
1067 2652 1173 2717 salsas
1185 2652 1292 2715 male·

190 2752 342 2816 valorum
367 2756 600 2820 accusationes
609 2754 627 2819 :’
648 2754 684 2818 id
706 2755 795 2819 euim
820 2759 894 2839 ipse
921 2754 1049 2819 indicat
1074 2754 1127 2818 his
1153 2753 1289 2817 verbis:

191 2851 325 2935 ‘Cujus
350 2855 399 2917 rei
430 2856 551 2922 seriem
580 2866 681 2941 atque
709 2859 895 2936 veritatem,
925 2877 967 2922 ne
997 2858 1103 2922 latere
1131 2863 1291 2940 posteros

193 2960 307 3037 queat,
325 2955 413 3040 stylo
429 2958 531 3022 etiam
545 2963 782 3046 memoriaeque
797 2959 977 3027 mandavi?
1000 2961 1142 3044 Scripsit
1156 2975 1292 3044 quoque

193 3057 227 3121 in
242 3058 360 3123 eodem
377 3076 507 3123 carcere
530 3063 595 3125 ‘ad
611 3063 849 3147 Symmachum
862 3064 983 3128 librum
997 3063 1038 3126 de
1055 3061 1090 3124 S.
1104 3055 1293 3134 'inuitato'

194 3180 262 3247 quo
276 3163 477 3227 seutentiam
495 3161 536 3226 B.
552 3161 733 3244 Augustini
759 3164 903 3228 breviter
926 3163 1103 3246 expressit.
1149 3159 1292 3244 Scripsit

193 3263 348 3331 leniendo
364 3265 471 3341 dolori
486 3283 549 3336 suo
573 3264 696 3328 ‘libros
721 3265 805 3329 istos
821 3266 967 3349 quinque
993 3263 1034 3327 de
1053 3262 1291 3332 Consolatione

139 3369 181 3427 v
195 3366 449 3452 Philosophiae!
493 3367 616 3452 Neque
631 3386 712 3432 vero
728 3385 814 3450 opus
829 3366 886 3430 ille
901 3372 1015 3446 totum,
1039 3375 1139 3452 prout
1160 3370 1292 3435 institu-

195 3473 275 3542 erat,
297 3472 462 3537 absolvit:
494 3471 601 3537 habeo
626 3473 714 3536 enim
741 3471 928 3549 certissima
953 3479 1145 3554 argumenta
1169 3469 1292 3551 quibus

194 3584 339 3649 possum
359 3572 524 3649 evincere,
547 3574 756 3657 propositum
781 3570 925 3638 Bo'etbio
939 3571 1056 3648 fuisse,
1078 3589 1122 3632 ex
1144 3568 1294 3633 doctrina

196 3685 332 3752 quoque
348 3668 536 3734 Christiana
552 3693 594 3736 ea
606 3675 834 3756 superioribus
850 3671 972 3735 addere
986 3671 1107 3755 quibus
1122 3667 1166 3733 ad
1180 3670 1293 3733 consi·

197 3767 398 3836 demtionem
426 3768 560 3835 aeternae
586 3774 666 3837 vitae
694 3774 821 3836 animus
846 3772 1012 3835 humanus
1035 3768 1144 3834 attolli
1164 3779 1293 3852 posset.

198 3872 289 3949 Nem
304 3869 457 3955 primum,
471 3889 538 3933 uon
549 3877 602 3935 est
612 3871 801 3949 verisimile,
817 3878 945 3956 partem
959 3873 1060 3936 istam
1075 3868 1293 3938 aCbristieuo

197 3979 342 4056 bomine,
377 3978 517 4038 mortem
540 3972 584 4036 ob
613 3971 732 4037 oculos
759 3972 912 4050 habente,
937 3970 1041 4036 inisse
1069 3973 1294 4057 praeteritam

199 4099 339 4166 eumque
354 4078 411 4163 qui
427 4076 467 4140 de
482 4074 520 4139 S.
535 4072 699 4145 Trinitate
720 4073 754 4138 in
770 4091 902 4138 carcere
919 4072 1067 4156 scripsit,
1089 4075 1294 4142 consolatio·
