2790 4800
385 300 431 347 nn
455 301 616 352 nosram
632 303 798 353 nr-nsus
820 296 999 357 scarrrrs.
1193 298 1237 362 ro

145 448 256 507 cetera
278 460 356 524 quac
377 441 541 506 habentur
562 443 673 509 Metro
690 462 739 510 ιν.
755 447 831 512 libri
844 450 955 532 quinti
977 449 1235 521 Consolationis

148 543 395 624 Philosophiae3
418 545 477 627 sed
493 546 606 627 capite
632 548 802 628 trigesimo
819 552 964 631 septimo
978 551 1129 635 ejusdem
1144 555 1236 620 Boii-

147 645 209 708 thii
225 645 418 709 auctoritate
432 649 554 712 utitur:
578 647 780 726 ‘Boethius'
794 651 915 731 inquit,
938 652 1039 717 ‘dicit
1051 653 1236 737 intelligen-

146 746 227 808 tiam
244 747 347 811 solius
368 746 434 810 Dei
457 768 534 812 esse
550 749 733 813 admodum
747 769 935 832 paucorum
957 753 1149 815 hominum!

314 1008 787 1082 [incinunt-nnumin
810 1011 1068 1094 SAECULUM3

350 1160 520 1225 Nimirum
535 1161 578 1224 ab
594 1179 680 1224 anno
695 1158 791 1224 1200.
806 1160 849 1225 ad
866 1181 918 1225 an.
933 1163 1031 1230 1300.

190 1332 337 1412 Sanctus
346 1328 507 1405 Thomas,
515 1330 605 1393 omni
616 1337 730 1393 nostra
739 1331 979 1411 praedicatione
989 1335 1105 1418 major,
1118 1337 1238 1402 mirum

146 1436 181 1497 in
205 1433 343 1498 modum
366 1431 574 1495 commendat
600 1432 719 1495 merita
742 1431 890 1508 Boethii,
914 1452 981 1497 non
1004 1436 1138 1518 quidem
1165 1441 1237 1504 suis

146 1538 179 1599 in
214 1535 316 1599 libros
350 1533 392 1597 de
425 1531 666 1598 Consolatione
701 1533 947 1617 Philosophica
981 1542 1237 1619 commentariis,

144 1638 308 1720 siquidem
327 1637 413 1713 haec,
437 1642 475 1698 ut
499 1636 728 1718 probavimus
753 1655 909 1717 germana
931 1656 998 1700 non
1020 1647 1098 1701 sunt
1122 1640 1239 1704 Sancti

143 1739 284 1802 Thomae
310 1756 425 1820 opera,
459 1737 520 1799 sed
545 1754 606 1799 sua
628 1737 740 1818 potius
765 1736 932 1818 frequenti
957 1737 1058 1820 hujus
1089 1741 1237 1804 auctoris

144 1839 347 1912 laudatione,
363 1855 431 1917 qua
457 1835 639 1897 Bo'ethium
662 1853 801 1917 aequans
825 1838 963 1901 summis
981 1838 1143 1904 Ecclesiae
1158 1841 1236 1905 doc-

144 1938 284 2011 toribus,
315 1934 469 2017 ejusdem
495 1935 692 1998 auctoritate
717 1935 819 1998 utitur
843 1936 886 2000 ad
911 1938 1096 2004 faciendam
1120 1941 1234 2007 fidam.

148 2038 207 2101 Sic
222 2054 247 2100 1.
257 2055 291 2118 p.
306 2056 339 2118 q.
350 2036 402 2100 10.
414 2055 444 2100 a.
457 2036 487 2100 l.
501 2036 696 2100 aetemitatis
708 2036 941 2118 definitionem,
955 2062 1053 2124 quam
1067 2043 1143 2127 ipse
1153 2044 1236 2109 dicit

147 2163 169 2206 a
184 2137 328 2207 Bohthio
353 2138 511 2222 positam,
532 2139 652 2202 ceteris
677 2136 895 2220 posthabitis,
919 2143 1152 2224 particulatim
1174 2164 1236 2208 ex-

146 2245 269 2328 plicat:
292 2239 521 2315 ‘AEtemitasl
541 2240 660 2322 inquit,
683 2244 759 2302 ‘est
783 2242 1039 2305 interminabilis
1062 2245 1143 2307 vitre
1162 2251 1238 2307 tota

145 2344 247 2412 simul
260 2350 294 2408 et
306 2342 455 2425 perfecta
469 2339 655 2422 possessio,
669 2345 709 2399 ut
722 2337 865 2400 habetur.
878 2355 911 2420 V,
927 2340 969 2401 de
982 2340 1118 2403 Consol.
1132 2342 1239 2406 Prosa

150 2463 192 2510 ιι.
208 2445 301 2509 circa
314 2439 537 2525 principium!
581 2440 639 2502 Sic
654 2459 686 2521 q.
701 2437 756 2500 29.
781 2436 931 2519 ejusdem
953 2440 1059 2521 partis
1085 2441 1120 2503 in
1144 2438 1239 2523 argir-

144 2554 258 2611 mento
274 2543 356 2608 ‘sed
371 2539 509 2618 contra,’
522 2539 617 2603 affert
631 2558 783 2621 personae
800 2538 1028 2603 definitionem
1044 2560 1144 2623 quam
1156 2542 1241 2609 dicit

145 2668 222 2713 esse
233 2644 370 2710 Boethii
384 2643 443 2707 lib.
458 2642 500 2706 de
512 2641 610 2706 duab.
628 2639 710 2703 Nat.
725 2640 878 2721 hancque
891 2641 1115 2722 particulatim
1131 2665 1239 2728 expo·

143 2751 209 2814 nit:
247 2743 444 2820 ‘Persona'
479 2744 595 2825 inquit,
631 2746 706 2806 ‘est
727 2740 899 2803 rationalis
919 2749 1048 2806 naturae
1068 2744 1240 2809 individua

144 2846 350 2915 substantia!
374 2845 418 2909 Et
432 2843 483 2908 sic
499 2845 540 2907 de
551 2843 686 2906 ceteris.

296 3134 788 3214 DECIMUM-QUARTUM
810 3134 1074 3211 SAECULUM3

356 3285 520 3350 Nimirum
536 3288 579 3350 ab
591 3304 681 3349 anno
691 3286 788 3350 1300.
803 3284 847 3348 ad
863 3305 915 3348 an.
930 3285 1030 3346 1400.

677 3434 707 3499 Ι.

189 3556 369 3638 Philippus
385 3552 543 3628 Pulcher,
569 3549 771 3626 Francorum
797 3547 889 3624 Rex,
918 3554 957 3610 ut
981 3547 1083 3612 refert
1115 3548 1236 3617 Petrus

146 3661 278 3725 Bantius
295 3655 500 3720 Praefatione
512 3653 545 3716 in
560 3650 665 3715 libros
680 3649 816 3713 Boiithii
833 3650 874 3714 de
891 3649 1033 3714 Consol,
1048 3652 1133 3716 tanti
1155 3652 1236 3717 fecit

144 3762 208 3826 hos
231 3756 482 3824 Consolationis
506 3752 756 3834 Philosophicae
783 3753 895 3831 libros,
923 3760 962 3816 ut
987 3753 1143 3835 quamvis
1162 3754 1236 3834 ipse

147 3862 264 3926 Latine
276 3862 487 3942 intelligeret,
505 3863 617 3920 tamen
631 3873 692 3937 pro
707 3853 866 3918 beneficio
881 3853 1047 3929 habuerit,
1064 3851 1155 3935 quod
1169 3848 1238 3930 ipsi

145 3961 296 4026 loannes
317 3959 571 4045 Magdunensis,
597 3957 715 4040 po'eta,
739 3963 776 4021 ut
797 3966 877 4020 tunc
901 3956 1053 4019 ferebant
1078 3960 1238 4029 tempora,

148 4060 309 4136 eruditus,
319 4081 377 4124 eos
388 4061 521 4124 Gallice
534 4080 555 4124 a
567 4079 604 4124 se
613 4059 762 4123 redditos
771 4057 1011 4138 inscripsisset
1035 4050 1238 4112 Asservatur

213 4173 301 4235 Detpt.
312 4178 335 4222 et
348 4171 404 4223 var.
415 4171 478 4218 Otus.
672 4171 758 4217 Betiti.
1164 4164 1190 4210 D
