2790 4800
154 287 198 350 50
473 296 706 346 rusrruourn
733 293 932 346 rauranum

155 444 225 525 ejus
240 439 364 521 Operis
380 440 549 522 exemplar
564 438 675 502 adhuc
690 436 789 502 hodie
805 438 949 507 Lutetiae
973 443 1008 505 in
1032 440 1245 508 Bibliotheca

155 540 481 623 Augustinianorum.

678 674 727 738 Il.

196 789 371 853 Maximus
408 789 587 865 Planuch,
622 789 811 853 Monachus
842 787 1244 874 constantinopolitanus,

153 891 235 955 nihil
263 899 413 956 moratus
439 892 615 973 superbam
643 890 839 954 Graecorum
867 892 1154 971 consuetudinem,
1186 898 1244 977 qui

152 992 288 1056 Latinos
310 993 414 1055 libros
450 992 571 1055 Graece
590 991 727 1055 reddere
756 1011 823 1055 nou
859 992 980 1068 solent,
1016 994 1102 1056 tanti
1131 994 1247 1060 habuit

151 1093 256 1158 libros
270 1094 405 1158 Boethii
419 1093 461 1157 de
473 1092 712 1157 Consolatione
727 1092 969 1175 Philosophiae,
980 1088 1059 1158 illos
1073 1102 1112 1158 ut
1121 1095 1244 1160 Graeco

151 1213 299 1257 sermone
325 1194 427 1256 fuerit
448 1194 695 1274 interpretatus.
741 1193 784 1257 Et
806 1193 870 1256 hoc
895 1194 1069 1277 exemplar
1093 1204 1244 1261 servatur

152 1297 187 1359 in
203 1295 416 1360 Bibliotheca
429 1295 546 1375 Regis,

316 1502 795 1582 DECIMUM·QUINTUM
820 1503 1082 1583 sAEcULUM;

356 1657 523 1727 Nimirum
537 1657 580 1719 ah
595 1675 680 1720 anno
696 1656 794 1720 1400.
817 1655 859 1720 ad
875 1674 929 1720 an.
945 1656 1042 1719 1500.

663 1757 676 1791 2

677 1809 707 1872 I.

193 1924 392 1989 Laurentius
408 1923 522 2003 Valla,
539 1925 708 1989 Patricius
732 1924 919 2001 Romam,
939 1925 990 1989 vir
1002 1926 1075 2007 ipse
1090 1924 1242 1989 cruditis·

150 2028 264 2103 simuS,
276 2046 343 2089 non
353 2026 452 2090 modo
462 2027 520 2104 ait,
530 2026 709 2091 Boethium
722 2026 841 2089 Latine
849 2027 953 2107 loqui,
964 2026 1242 2108 quemadmodum

148 2129 249 2192 refert
284 2127 394 2192 Julius
421 2129 582 2210 Scaliger,
624 2147 736 2192 verum
770 2126 911 2189 eundem
936 2126 1116 2190 Boethium
1140 2136 1241 2194 vocat

149 2230 352 2295 eruditorum
368 2231 529 2306 ultimum,
544 2229 744 2292 Praefatione
759 2229 792 2290 in
804 2227 908 2290 libros
924 2247 1004 2291 suos
1021 2227 1239 2294 Dialectieos.

148 2332 265 2411 ‘Nea’
280 2335 397 2416 inquit,
413 2333 527 2397 ‘aliter
542 2331 643 2394 sentit
667 2331 873 2393 eruditorum
896 2329 1035 2392 ultimus
1062 2329 1239 2408 Bo'ethius,

147 2418 265 2516 magis,
291 2443 328 2497 ut
351 2435 432 2498 mihi
454 2432 593 2508 videtur,
618 2431 827 2506 Platonicus,
856 2449 957 2513 quam
981 2428 1239 2495 Aristotelicus:

148 2555 235 2616 quos
251 2543 403 2598 auctores
417 2552 534 2618 parom
548 2533 634 2595 iuter
654 2552 690 2595 se
713 2531 837 2595 distare
852 2530 1025 2596 docturum
1040 2550 1076 2595 se
1093 2533 1240 2614 quodam

146 2634 408 2714 locopromisit.'

669 2733 721 2797 ΙΙ.
806 2771 809 2776 -

191 2849 334 2912 Sanctus
351 2849 539 2923 Antoninus
555 2850 838 2933 Archiepisccpus
862 2849 1081 2926 Florentinus,
1102 2847 1239 2915 Ordinis

148 2947 423 3034 Praedicatorum‚
444 2952 476 3013 2.
489 2958 585 3032 parte
603 2953 734 3015 Hister.
754 2952 858 3016 Titul.
873 2966 926 3015 xl.
951 2953 1071 3037 capii.
1092 2948 1121 3036 §.
1141 2953 1173 3015 4.
1196 2952 1238 3016 de

147 3044 290 3114 Bo'ethio
315 3050 644 3116 honorificentissime
659 3046 803 3134 scripsit.
848 3052 979 3129 ‘Cum,'
1001 3054 1117 3135 inquit,
1132 3052 1240 3117 ‘The-

148 3151 313 3230 odericus,
323 3151 401 3215 Rex
411 3151 607 3228 Gothorum,
616 3152 875 3234 Rempuhlicam
884 3154 917 3216 in
928 3152 1028 3217 Italia
1041 3153 1241 3235 opprimeret

146 3256 354 3336 temporibus
363 3253 540 3339 prioribus,
550 3253 723 3328 Boethius
733 3261 863 3319 senator
874 3253 1094 3330 clarissimus
1103 3259 1142 3318 ut
1153 3255 1239 3319 infra

147 3350 276 3417 dicetur
303 3357 343 3419 de
372 3355 535 3440 sapientia
556 3354 641 3437 ejus,
668 3366 794 3422 amator
817 3355 1041 3438 Reipublicae,
1067 3355 1100 3417 in
1126 3355 1239 3419 multis

148 3447 234 3530 Regi
250 3473 286 3515 se
300 3475 361 3534 pro
372 3457 503 3538 justitia
518 3458 718 3541 opponebat,
735 3476 876 3540 cumque
898 3463 931 3521 et
950 3461 1088 3539 propter
1110 3456 1240 3536 generis

143 3549 353 3618 ¹nobilitatem
368 3564 400 3620 et
415 3558 637 3640 eloquentiam
652 3559 743 3643 apud
761 3578 875 3623 omnes
895 3558 936 3623 de
952 3575 993 3620 eo
1015 3572 1133 3635 magna
1148 3563 1238 3620 esset

146 3648 269 3731 opinio,
281 3653 381 3717 etiam
398 3659 440 3719 ab
459 3658 536 3738 ipso
557 3658 650 3740 Rege
670 3662 866 3725 timebatur:
889 3676 1003 3740 quare,
1023 3660 1062 3717 ut
1084 3653 1237 3733 creditur,

146 3749 336 3815 subornatis
351 3756 555 3836 quibusdam
579 3769 618 3824 ut
640 3764 754 3844 ipsum
778 3760 914 3833 crimine
937 3758 1029 3820 laesae
1049 3752 1237 3835 majestatis

145 3860 351 3931 accusarent,
378 3855 533 3921 dixerunt
555 3862 646 3941 quod
672 3863 747 3944 ipse
769 3858 902 3943 prodita
926 3857 1061 3921 civitate
1083 3854 1238 3919 Romana

145 3953 365 4020 Anastasium
377 3958 560 4042 principem
574 3965 610 4025 in
625 3963 761 4027 Italiam
773 3962 986 4035 evocaverat,
1009 3964 1048 4021 ut
1063 3955 1237 4038 Rempuh-

143 4053 243 4121 licam
267 4058 309 4122 de
333 4078 432 4123 manu
453 4059 652 4128 Theoderici
674 4062 848 4128 liberaret:
882 4060 1098 4143 quamobrem
1124 4065 1236 4122 sumta
